1950 3384
197 237 256 291 na-
280 237 415 294 ,aacxo
438 237 620 307 nazaren
638 237 758 293 mxl.
857 250 872 306 3

85 376 276 447 quadraginta,
295 377 324 431 in
345 378 520 434 latitudinem
539 388 651 434 centum
672 388 700 433 et
724 377 872 446 octoginta,

85 460 224 527 patebant
385 456 390 466 ‘

121 537 175 597 ΙΙΙ.
197 543 250 597 His
269 545 350 599 rebus
375 544 497 612 adducti,
516 554 543 598 et
561 544 724 599 auctoritate
745 544 873 612 Orgetor-

84 624 137 692 igis
157 626 282 695 pennoti,
301 626 502 681 constituerunt
526 643 568 696 ea,
586 643 649 696 quae
673 626 711 679 ad
734 626 873 696 proficisc-

84 709 187 762 endum
215 709 392 776 pertinerent,
422 725 602 778 comparare;
629 710 819 779 jumentorum
846 718 874 762 et

85 805 225 844 carrorum
255 790 340 860 quam
369 791 522 845 maximum
551 808 697 845 numerum
728 796 871 856 coemere3

85 882 223 927 sementes
236 874 321 944 quam
332 874 470 928 maximas
482 876 581 943 facere,
593 884 624 929 ut
637 875 666 927 in
683 874 781 929 itinere
794 875 874 944 copia

84 956 215 1012 frumenti
245 966 419 1026 suppeteret3
461 973 525 1011 cum
554 956 686 1027 proximis
716 956 874 1011 civitatibus

84 1055 183 1108 pacem
196 1048 223 1093 et
241 1039 393 1093 amicitiam
411 1039 583 1095 confirmare
619 1040 666 1093 Ad
687 1055 734 1094 eas
747 1056 791 1094 res
810 1056 873 1094 con·

27 1115 29 1118 ⁴
84 1121 217 1178 ficiendas
241 1121 385 1176 biennium
406 1122 459 1176 sibi
484 1122 552 1176 satis
576 1138 638 1177 esse
662 1121 815 1186 duxerunt;
845 1122 874 1176 in

84 1205 196 1260 tertium
208 1221 313 1259 annum
324 1204 523 1275 prosectionem
540 1205 602 1273 lege
620 1205 792 1258 confirmant.
828 1206 875 1259 Ad

84 1303 132 1341 eas
156 1304 200 1342 res
214 1287 401 1341 conficiendas
428 1286 574 1355 Orgetorix
598 1286 733 1354 deligitur.
773 1289 802 1341 ls
820 1287 873 1341 sibi

84 1370 252 1439 legationem
264 1370 301 1423 ad
308 1369 433 1424 civitates
447 1368 576 1439 suscepit
615 1371 648 1422 In
661 1387 695 1423 eo
703 1369 800 1424 itinere
812 1386 874 1440 per·

84 1453 183 1507 suadet
216 1452 336 1521 Castico,
369 1451 605 1506 Catamantaledis
636 1452 702 1520 lilio,
734 1452 873 1520 Sequano,

84 1536 161 1605 cujus
186 1544 265 1604 pater
288 1551 404 1604 reguum
428 1535 457 1587 in
485 1534 623 1604 Sequanis
653 1535 756 1588 multos
784 1551 873 1587 annos

84 1619 240 1672 obtinuerat
270 1627 299 1672 et
325 1633 344 1672 a
367 1627 467 1671 senatu
497 1617 592 1686 populi
623 1617 744 1670 Romani
767 1617 873 1670 amicus

83 1702 238 1771 appellatus
251 1708 317 1768 erat,
329 1708 360 1754 ut
372 1716 487 1768 regnum
500 1699 529 1752 in
537 1699 649 1754 civitate
657 1705 708 1753 sua
717 1710 872 1768 occuparet,

83 1785 159 1854 quod
183 1794 261 1853 pater
285 1782 350 1836 ante
373 1782 509 1835 habuerat
516 1799 523 1847 ;
553 1782 676 1851 itemque
707 1782 873 1851 Dumnorigi

83 1866 185 1932 AEduo,
198 1864 274 1919 fratri
288 1863 427 1932 Divitiaci,
441 1865 488 1933 qui
500 1880 534 1919 eo
546 1872 672 1933 ternpore
684 1864 873 1934 principatum

83 1949 113 2002 in
136 1949 248 2003 civitate
272 1947 423 2015 obtinebat,
448 1963 482 2002 ac
505 1946 627 2002 maxime
647 1947 722 2016 plebi
740 1957 872 2016 acceptus

83 2041 149 2099 erat,
162 2041 192 2085 ut
204 2031 280 2085 idem
287 2038 431 2084 conaretur
440 2030 595 2100 persuadet,
605 2030 686 2100 eique
695 2030 780 2084 filiam
793 2047 873 2085 suam

83 2114 112 2167 in
136 2113 343 2168 matrimonium
367 2113 423 2166 dat
470 2112 604 2168 Perfacile
628 2113 704 2167 iactu
725 2130 794 2182 esse,
818 2114 893 2169 illis·

83 2198 190 2266 probat,
204 2206 306 2251 conata
323 2197 463 2265 perficere,
476 2206 622 2266 propterea
641 2198 717 2266 qubd
735 2198 795 2268 ipse
814 2215 873 2253 suae

82 2279 202 2333 civitatis
231 2279 377 2348 imperium
408 2280 571 2333 obtenturus
601 2289 705 2335 esset:·
724 2297 780 2334 non
811 2297 873 2336 esse

82 2359 206 2430 dubium,
236 2361 303 2431 quin
327 2361 412 2414 totius
444 2361 545 2415 Galliae
569 2361 718 2430 plurimum
750 2364 873 2418 Helvetii

82 2452 215 2512 possent:
233 2459 264 2498 se
276 2443 334 2497 suis
346 2442 434 2512 copiis
452 2459 557 2512 suoque
575 2445 696 2498 exercitu
714 2444 768 2497 illis
787 2462 873 2514 regna

82 2526 291 2580 conciliaturum
315 2525 467 2580 confirmat,
514 2527 578 2578 Hac
603 2527 727 2581 oratione
748 2527 872 2596 adducti,

81 2608 154 2664 inter
177 2623 208 2663 se
238 2607 323 2662 fidem
352 2616 380 2661 et
400 2607 594 2676 jusjurandum
620 2607 696 2676 dant,
720 2617 756 2677 et,
786 2626 873 2679 regno

82 2701 227 2761 occupato,
255 2706 306 2759 per
330 2697 385 2743 tres
409 2688 617 2758 potentissimos
648 2706 681 2744 ac
699 2690 872 2749 firmissimos

81 2775 198 2846 populos
223 2774 308 2829 totius
324 2773 423 2828 Galliae
436 2789 498 2827 sese
509 2771 591 2843 potiri
604 2790 688 2842 posse
699 2786 820 2843 sperant.

460 2863 476 2898 n
488 2859 503 2900 2
