1950 3384
182 239 241 293 oE
263 238 395 293 Burro
422 239 604 306 σΑιιιεο,
623 238 742 293 rint.
823 250 856 304 27

71 380 166 432 sinon
184 379 351 447 impetraret,
370 378 598 447 sese-quoniam
617 379 715 431 Marco
734 375 857 431 Messala

70 461 168 514 Marco
188 461 288 514 Pisone
307 460 472 513 Consulibus
492 460 611 514 Senatus
629 459 790 524 censuisset,
809 458 856 525 uti,

69 542 236 610 quicumque
268 542 387 594 Galliam
413 542 584 611 provinciam
611 542 756 608 obtineret,
782 539 857 608 quod

69 625 217 677 commodo
229 623 387 691 reipublicae
399 623 489 677 facere
504 633 607 692 posset,
619 623 727 676 AEduos
740 632 856 675 ceteros·

69 719 124 772 que
135 704 240 757 amicos
255 704 351 772 Populi
365 705 484 758 Romani
501 704 757 759 defenderet-sese
769 704 856 756 AEdu-

69 802 149 839 orum
160 786 273 854 injurias
286 803 342 840 non
354 787 567 854 neglecturum.'’

104 869 236 921 XXXVI.
256 867 302 920 Ad
311 869 372 921 haec
382 868 535 922 Ariovistus
545 869 702 937 respondit:
715 870 785 936 “Jus
795 883 857 921 esse

70 949 142 1016 belli,
155 958 193 1016 ut,
211 951 257 1017 qui
276 950 415 1016 vicissent,
429 950 471 1017 iis,
489 967 558 1018 quos
573 950 713 1016 vicissent,
726 950 857 1018 quemad·

70 1032 184 1084 modum
201 1033 310 1098 vellent,
329 1032 510 1101 imperarent:
532 1033 598 1086 item
619 1033 754 1102 Populum
773 1033 857 1084 Rom-

70 1130 155 1166 anum
173 1112 253 1166 victis
271 1130 327 1166 non
345 1114 511 1167 adulterius
530 1116 730 1183 praescriptum,
750 1113 801 1167 sed
821 1114 857 1166 ad

71 1195 310 1262 suumarbitrium‚
318 1195 453 1264 imperare
461 1212 616 1249 consuesse.
646 1196 675 1250 Si
684 1196 743 1263 ipse
753 1195 858 1263 Populo

73 1279 200 1330 Romano
212 1293 269 1330 non
281 1277 477 1345 praescriberet,
490 1278 725 1346 quemadmodum
738 1294 788 1330 suo
797 1277 858 1345 jure

71 1369 204 1423 uteretur;
225 1376 281 1412 non
300 1368 425 1428 oportere
443 1375 504 1413 sese
522 1376 539 1412 a
559 1360 664 1428 Populo
684 1361 811 1412 Romano
830 1359 857 1411 in

72 1460 122 1497 suo
133 1443 193 1510 jure
205 1442 340 1512 impediri.
377 1442 485 1496 AEduos
498 1443 560 1511 sibi,
573 1443 705 1512 quoniam
716 1442 781 1496 belli
794 1442 858 1494 sort·

72 1541 157 1578 unam
178 1525 332 1578 tentassent
352 1534 379 1577 et
403 1524 488 1578 armis
513 1525 657 1592 congressi
681 1540 715 1578 ac
739 1524 859 1592 superati

72 1615 172 1673 essent,
181 1606 374 1675 stipendiarios
383 1622 444 1659 esse
452 1606 548 1661 factos.
574 1608 710 1674 Magnam
720 1606 858 1659 Caesarem

73 1688 200 1756 injuriam
212 1689 310 1755 facere,
329 1688 375 1756 qui
389 1705 438 1740 suo
451 1688 572 1741 adventu
584 1689 730 1756 vectigalia
748 1688 800 1740 sibi
813 1687 860 1741 de·

74 1770 174 1823 teriora
186 1770 295 1824 faceret.
332 1769 431 1822 AEduis
445 1785 475 1823 se
487 1769 598 1823 obsides
615 1770 785 1823 redditurum
803 1786 859 1821 non
946 1805 950 1810 ·

74 1869 143 1918 esse,
162 1868 251 1920 neque
268 1851 310 1917 iis,
328 1866 418 1918 neque
436 1867 530 1903 eorum
548 1851 630 1904 sociis
647 1851 745 1919 injuria
758 1852 861 1904 bellum

74 1934 221 2000 illaturum,
241 1933 264 1985 si
288 1933 317 1985 in
341 1949 374 1985 eo
399 1943 550 1998 manerent,
575 1932 651 2001 quod
675 1933 861 1999 convenisset,

74 2015 296 2084 stipendiumque
305 2015 451 2084 quotannis
460 2017 627 2084 penderent:
645 2015 668 2069 si
677 2016 705 2068 id
717 2032 774 2068 non
783 2016 862 2070 fecis-

75 2108 145 2167 sent,
167 2098 249 2166 longe
271 2098 304 2151 iis
326 2099 476 2152 fraternum
497 2116 600 2153 nomen
620 2099 717 2169 Populi
743 2100 862 2153 Romani

75 2181 239 2234 abfuturum
278 2182 360 2249 Quod
372 2181 425 2234 sibi
436 2182 531 2235 Caesar
543 2183 725 2249 denuntiaret,
736 2198 765 2235 se
774 2182 862 2234 AEdu·

75 2280 155 2317 orum
172 2263 286 2333 injurias
304 2280 361 2316 non
379 2264 584 2331 neglecturum3
609 2265 749 2317 neminem
768 2281 862 2318 secum

77 2345 136 2398 sine
154 2351 204 2398 sual
223 2346 343 2414 pernicie
361 2346 544 2400 contendisse.
583 2347 676 2415 Quum
694 2347 785 2413 vellet,
799 2363 863 2400 con-

76 2427 253 2494 grederetur;
277 2428 487 2495 intellecturum,
512 2428 579 2496 quid
600 2428 696 2481 invicti
723 2429 864 2498 Genuam,

76 2508 295 2564 exercitatissimi
314 2511 342 2561 in
361 2511 454 2577 armis,
472 2511 523 2578 quii
538 2511 610 2563 inter
627 2527 716 2563 annos
737 2521 864 2579 quatuor-

77 2589 169 2645 decim
181 2599 283 2644 tectum
296 2608 352 2643 non
365 2591 511 2646 subissent.
526 2592 625 2646 virtute
637 2593 773 2661 possent''

112 2674 260 2727 XXXVII.
276 2675 347 2727 Haec
360 2674 460 2728 eodem
477 2684 600 2744 tempore
613 2674 717 2728 Caesan'
729 2678 863 2731 mandata

79 2757 271 2825 reserebantur,
284 2768 312 2811 et
324 2756 407 2826 legati
419 2757 456 2810 ab
467 2757 568 2811 AEduis
580 2768 608 2812 et
619 2775 639 2811 a
653 2758 781 2811 Treuiris
792 2760 874 2806 neun-
