1950 3384
110 194 144 249 24
321 181 350 236 c.
370 180 484 251 Jum
506 176 690 234 CAESARJS

109 319 186 375 eliter
199 319 341 388 imperare,
355 319 465 372 obsides
478 317 641 371 nobilissimi
655 317 786 387 cujusque
798 317 908 376 liberos

110 419 230 472 poscere,
240 401 303 457 etin
311 417 358 456 eos
370 400 464 455 omnia
473 401 598 469 exempla
609 400 799 468 cruciatusque
810 401 906 470 edere,
923 429 926 433 ·

109 485 133 540 si
155 502 210 555 qua
231 501 274 539 res
293 502 348 538 non
368 485 406 538 ad
424 493 520 537 nutum
539 492 585 534 aut
604 482 640 534 ad
659 483 829 534 voluntatem
842 483 906 551 ejus

110 569 185 622 iacta
215 568 265 622 sit:
296 568 438 621 hominem
462 581 523 619 esse
548 565 704 633 barbarum,
728 564 906 633 iracundum,

110 650 284 705 temerarium
295 666 365 703 :non
373 665 456 719 posse
464 649 522 717 ejus
530 646 645 714 imperia
652 646 753 699 diutius
763 648 904 702 sustineri.

112 733 175 785 Nisi
199 733 222 785 si
247 731 314 800 quid
337 732 367 784 in
392 731 502 784 Caesare
528 730 687 797 l’opuloque
712 730 840 781 Romano
865 729 905 783 sit

111 814 211 881 auxilii,
225 814 353 867 omnibus
368 812 455 866 Gallis
473 811 548 865 idem
567 826 627 864 esse
646 812 812 878 iaciendum,
825 812 904 878 quod

112 895 232 948 Helvetii
252 894 373 962 fecerint,
394 902 424 948 ut
446 895 529 947 domo
550 893 694 962 emigrent,
715 893 790 946 aliud
812 893 904 946 domi·

111 977 214 1041 cilium,
234 977 302 1030 alias
321 978 411 1045 sedes,
430 987 550 1031 remotas
574 994 592 1030 a
617 976 773 1044 Germanis,
795 985 903 1045 petant,

111 1060 312 1129 fortunamque,
348 1074 529 1128 quaecumque
564 1059 681 1127 accidat,
717 1058 901 1127 experiantur.

113 1144 184 1197 Haec
196 1142 220 1196 si
233 1141 375 1196 enuntiata
386 1141 526 1196 Ariovisto
539 1141 602 1209 sint,
615 1157 672 1194 non
685 1140 819 1207 dubitare,
832 1141 902 1208 quin

112 1226 147 1279 de
167 1226 295 1279 omnibus
315 1225 467 1293 obsidibus,
486 1224 533 1293 qui
546 1224 620 1292 apud
639 1239 703 1277 eum
720 1223 783 1291 sint,
796 1223 901 1291 gravis·

112 1306 213 1359 simum
225 1305 391 1375 supplicium
401 1312 499 1359 sumat.
537 1305 728 1358 Caesaremvel
737 1303 902 1359 auctoritate

112 1393 162 1441 sua
174 1396 257 1455 atque
269 1387 411 1455 exercitus,
424 1386 467 1441 vel
482 1386 586 1440 recenti
598 1385 720 1455 victorii,
732 1387 776 1440 vel
788 1385 902 1441 nomine

114 1469 210 1538 Populi
224 1468 344 1522 Romani
357 1468 493 1522 deterrere
505 1484 596 1537 posse,
605 1485 641 1523 ne
653 1469 742 1539 major
752 1469 902 1524 multitudo

114 1551 315 1605 Germanorum
345 1551 474 1603 Rhenum
497 1552 699 1622 transducatur,
725 1551 902 1620 Galliamque

113 1650 225 1687 omnem
236 1634 272 1687 ab
284 1632 415 1686 Ariovisti
427 1632 526 1702 injuria
537 1650 620 1702 posse
632 1634 802 1689 defendere.'’

147 1717 269 1771 XXXll.
290 1716 353 1769 Hac
360 1716 484 1770 oratione
492 1717 528 1769 ab
537 1717 676 1772 Divitiaco
684 1716 786 1785 habita,
796 1731 900 1784 omnes,

113 1800 159 1868 qui
172 1800 295 1867 aderant,
307 1814 409 1867 magno
421 1799 488 1852 fletu
500 1799 631 1853 auxilium
649 1815 667 1852 a
680 1800 790 1853 Caesare
808 1806 900 1867 petere

113 1891 262 1951 coeperunt.
298 1880 500 1935 Animadvertit
518 1882 621 1949 Caesar,
638 1898 709 1935 unos
726 1898 760 1936 ex
772 1880 900 1935 omnibus

114 1966 257 2033 Sequanos
281 1962 350 2015 nihil
374 1979 468 2017 earum
492 1980 582 2018 rerum
606 1964 705 2032 facere,
727 1981 796 2032 quas
817 1962 901 2018 ceteri

113 2045 247 2109 iacerent;
268 2045 317 2097 sed
330 2044 428 2114 tristes,
443 2045 533 2115 capite
545 2045 673 2113 demisso,
683 2053 784 2098 terram
793 2044 899 2098 intueri

115 2129 182 2196 Ejus
195 2127 233 2180 rei
246 2143 330 2180 causa
348 2142 411 2197 quae
428 2138 509 2197 esset,
522 2128 645 2195 miratus,
658 2144 691 2181 ex
703 2127 770 2196 ipsis
783 2127 899 2195 quaesiit.

114 2211 193 2264 Nihil
213 2209 334 2277 Sequani
354 2210 529 2278 respondere,
551 2210 600 2263 sed
624 2208 653 2262 in
675 2209 772 2262 eadem
790 2208 901 2261 tristitia

113 2292 190 2346 taciti
208 2307 376 2360 permanere.
406 2292 508 2360 ¹Quum
526 2292 562 2344 ab
580 2291 613 2344 iis
633 2289 734 2358 saepius
758 2299 899 2357 quaereret,

113 2390 203 2443 neque
214 2373 299 2426 ullam
311 2372 424 2426 omnino
436 2389 534 2426 vocem
547 2371 699 2440 exprimere
711 2380 813 2439 posset,
825 2369 900 2422 idem

114 2454 269 2510 Divitiacus
278 2455 387 2508 AEduus
395 2453 554 2523 respondit:
566 2454 652 2507 “Hoc
660 2468 722 2506 esse
730 2452 900 2518 miseriorem

114 2538 321 2608 gravioremque
340 2538 478 2592 fortunam
501 2537 700 2605 Sequanorum,
721 2551 779 2603 prae
801 2532 899 2601 reliqu-

114 2636 200 2686 orum,
213 2619 288 2688 quod
300 2620 351 2674 soli
364 2636 399 2674 ne
416 2620 444 2672 in
463 2619 571 2673 occulto
589 2619 702 2688 quidem
720 2617 797 2686 queri
811 2629 901 2684 neque

114 2700 244 2755 auxilium
263 2701 409 2772 implorare
426 2701 566 2768 auderent,
580 2700 757 2768 absentisque
770 2697 899 2752 Ariovisti
