1950 3384
174 232 233 285 DE
256 232 391 288 BELLO
416 233 598 303 GALLICO,
616 234 692 289 ΜΒ.
712 236 736 290 Ι.
815 245 849 302 35

60 372 117 424 ium
129 386 228 440 capere
237 372 298 443 jure
309 372 382 441 belli,
396 374 471 441 quod
483 377 601 427 victores
613 374 693 427 victis
709 373 850 442 imponere

59 455 215 507 consuerint
223 474 230 520 ;
256 471 312 506 non
325 470 386 508 sese
401 455 496 523 Gallis,
509 455 559 508 sed
573 456 668 509 Gallos
681 455 733 509 sibi
746 455 848 509 bellum

59 537 183 590 intulisse
188 556 195 600 ;
217 553 314 590 omnes
328 537 426 590 Galliae
440 537 565 591 civitates
584 536 622 591 ad
639 554 670 591 se
687 553 850 606 oppugnan-

58 618 125 670 dum
146 619 262 687 venisse,
281 634 315 673 ac
339 629 436 672 contra
460 636 491 672 se
515 629 607 673 castra
630 619 777 684 habuisse;
801 634 850 673 eas

58 718 155 755 omnes
169 702 262 771 copias
282 718 300 755 a
319 719 350 755 se
369 720 424 756 uno
444 703 542 771 proelio
563 703 640 757 fusas
659 720 693 758 ac
706 711 849 772 superatas

17 844 18 848 ἵ
57 799 119 837 esse
126 803 134 849 ;
154 784 177 837 si
190 784 289 839 iterum
302 785 417 854 experiri
430 785 522 853 velint,
536 785 636 840 iterum
648 795 775 855 paratum
788 799 850 840 sese

59 867 215 932 decertare;
248 868 271 921 si
302 884 372 936 pace
398 869 437 922 uti
462 869 554 937 velint,
579 869 704 939 iniquum
728 884 790 922 esse
814 867 850 922 de

58 950 196 1017 stipendio
208 966 341 1019 recusare,
355 952 430 1020 quod
443 957 493 1005 sua
506 953 647 1006 voluntate
655 952 693 1006 ad
702 951 732 1004 id
740 960 849 1019 tempus

57 1031 246 1099 pependerint.
282 1031 445 1085 Amicitiam
459 1032 557 1102 Populi
571 1033 690 1086 Romani
704 1033 757 1086 sibi
769 1049 849 1086 orna·

58 1123 152 1167 mento
170 1124 197 1168 et
215 1114 354 1182 praesidio,
372 1132 426 1168 non
447 1115 620 1180 detrimento,
637 1129 700 1169 esse
716 1124 849 1184 oportere,

57 1194 140 1263 idque
153 1211 182 1248 se
195 1200 228 1248 ea
241 1211 290 1263 spe
302 1197 411 1264 petisse.
444 1196 474 1249 Si
483 1212 533 1264 per
544 1196 679 1263 Populum
690 1197 848 1249 Romanurn

58 1277 226 1344 stipendium
238 1277 398 1344 remittatur,
409 1286 436 1329 et
449 1277 567 1331 dedititii
577 1277 780 1345 subtrahantur,
791 1293 846 1330 non

57 1359 148 1412 minis
169 1358 287 1412 libenter
308 1374 369 1413 sese
389 1368 579 1413 recusaturum
605 1360 702 1431 Populi
728 1359 848 1413 Romani

57 1441 215 1508 amicitiam,
238 1440 323 1510 quam
347 1442 499 1511 appetierit.
537 1441 620 1510 Quod
643 1442 847 1497 multitudinem

59 1523 260 1576 Germanorum
272 1524 301 1576 in
315 1524 435 1578 Galliam
443 1522 611 1593 transducat,
619 1524 649 1578 id
661 1542 691 1579 se
704 1525 746 1579 sui
758 1525 847 1580 muni·

13 1610 16 1618 “
57 1606 131 1674 endi,
148 1623 204 1659 non
224 1607 323 1661 Galliae
341 1607 539 1677 impugnandae
556 1614 642 1661 causa
660 1608 765 1674 iacere3
788 1609 848 1678 ejus

58 1688 95 1741 rei
108 1689 297 1742 testimonium
306 1706 376 1758 esse,
386 1689 468 1758 quod,
478 1689 531 1742 nisi
541 1700 660 1756 rogatus,
669 1706 725 1743 non
734 1691 846 1758 venerit,

57 1779 85 1823 et
103 1770 178 1839 qubd
195 1772 298 1825 bellum
316 1788 372 1824 non
390 1772 520 1841 intulerit,
538 1772 588 1824 sed
612 1771 772 1826 defenderit
811 1773 848 1828 Se

56 1851 131 1921 prius
144 1851 172 1904 in
184 1852 303 1905 Galliam
311 1853 429 1920 venisse,
439 1853 523 1920 quam
533 1854 669 1922 Populum
680 1857 845 1910 Romanum.

58 1935 210 2002 Nunquam
223 1944 288 1989 ante
300 1935 354 1989 hoc
366 1945 476 2004 tempus
488 1935 636 1990 exercitum
652 1938 748 2005 Populi
762 1938 846 1991 Rom·

56 2018 103 2070 ani
129 2018 227 2072 Galliae
252 2018 403 2088 provinciae
423 2019 493 2072 fines
511 2035 660 2087 egressum
699 2020 773 2088 Quid
794 2019 847 2074 sibi

56 2101 152 2154 vellet?
188 2101 245 2156 Cur
268 2102 296 2153 in
322 2118 386 2155 suas
410 2102 600 2171 possessiones
625 2103 745 2157 veniret?
782 2104 846 2156 Pro·

55 2182 176 2236 vinciam
189 2199 268 2236 suam
280 2183 353 2237 hanc
365 2199 427 2238 esse
445 2184 574 2252 Galliam,
596 2185 667 2240 sieut
687 2185 763 2239 illam
783 2202 846 2240 nos·

56 2272 134 2319 tram.
174 2267 214 2320 Ut
226 2266 280 2334 ipsi
294 2267 408 2320 concedi
421 2283 477 2320 non
490 2276 635 2338 oporteret,
648 2268 672 2322 si
691 2269 719 2321 in
737 2278 846 2323 nostros

56 2346 125 2399 fines
144 2347 277 2416 impetum
295 2348 405 2416 faceret,
424 2349 464 2403 sic
488 2350 555 2403 item
573 2367 625 2404 nos
648 2366 710 2405 esse
728 2350 845 2419 iniquos,

56 2429 102 2496 qui
115 2429 144 2481 in
156 2445 207 2482 suo
215 2431 277 2499 jure
290 2446 319 2483 se
332 2431 574 2500 interpellaremus.
613 2432 695 2500 Qubd
712 2433 810 2486 iratres
828 2448 846 2485 a

57 2511 161 2564 Senatu
172 2512 280 2565 AEduos
299 2513 453 2581 appellatos
471 2515 583 2582 diceret,
595 2531 652 2567 non
671 2523 771 2570 setam
783 2517 844 2569 bar-
943 2553 945 2556 ι

55 2594 161 2662 barum,
180 2610 269 2663 neque
287 2603 345 2647 tam
363 2595 520 2664 imperitum
538 2612 599 2650 esse
617 2614 715 2666 rerum,
734 2607 765 2652 ut
788 2616 843 2654 non

56 2675 146 2745 sciret,
169 2692 259 2746 neque
283 2678 356 2731 bello
380 2678 561 2747 Allobrogum
587 2680 712 2748 proximo
735 2683 844 2737 AEduos

57 2759 191 2814 Romanis
203 2760 334 2814 auxilium
351 2761 456 2830 tulisse,
474 2779 564 2833 neque
581 2762 660 2834 ipsos
676 2763 711 2816 in
723 2764 777 2814 bis
786 2781 853 2811 em·

435 2857 452 2888 b
461 2859 474 2889 Β
