1950 3384
94 243 111 284 2
305 234 335 288 C.
354 235 471 304 JULII
491 236 676 291 CAESARIS

94 369 202 424 Initium
232 372 306 441 capit
336 390 353 427 a
382 374 496 429 flumine
530 376 685 441 Rhodauo;
728 376 880 430 continetur

95 452 238 508 Garumna
261 455 381 525 flumine,
397 457 519 526 Oceano,
539 458 639 513 finibus
659 459 825 528 Belgarum3
844 467 873 512 at

93 535 174 603 tingit
206 537 290 590 etiam
320 539 356 591 ab
385 540 522 608 Sequanis
553 549 580 593 et
613 541 750 594 Helvetiis
782 540 882 592 flumen

95 618 225 672 Rhenum
232 639 240 685 ;
258 622 346 688 vergit
365 621 402 674 ad
421 623 630 690 septentriones.
669 624 762 691 Belgae
784 623 820 676 ab
841 639 883 675 ex-

93 701 187 755 tremis
210 702 309 756 Galliae
330 703 431 757 finibus
453 705 593 770 oriuntur;
623 706 762 774 pertinent
786 705 822 757 ad
844 704 882 756 in-

94 782 220 838 ieriorem
229 793 336 853 partem
355 786 476 840 fluminis
499 787 609 852 Rheni;
632 795 761 856 spectant
773 787 801 839 in
824 803 884 854 sep·

93 866 243 920 tentriones
254 876 281 921 et
289 868 422 922 orientem
432 870 527 924 solem
555 870 707 939 Aquitania
714 887 732 924 a
743 871 884 924 Garumna

93 952 206 1006 flumine
213 954 250 1007 ad
260 955 407 1023 Pyrenaeos
420 965 529 1010 montes
542 965 570 1011 et
579 973 641 1011 eam
650 966 759 1027 partem
770 956 884 1024 Oceani,

93 1043 219 1104 quaeest
243 1036 281 1089 ad
306 1036 483 1106 Hispaniam,
508 1037 646 1106 pertinet;
677 1046 786 1106 spectat
813 1036 885 1090 inter

93 1133 225 1172 occasum
236 1118 302 1172 solis
315 1127 342 1173 et
355 1119 562 1188 septentriones.

130 1202 168 1255 11.
187 1200 271 1272 Apud
285 1202 429 1256 Helvetios
441 1203 524 1271 longe
540 1201 729 1257 nobilissimus
742 1209 770 1255 et
783 1200 883 1254 ditissi-

93 1298 156 1336 mus
167 1282 218 1336 fuit
238 1284 391 1352 Orgetorix.
431 1286 468 1352 Is,
482 1286 580 1338 Marco
602 1284 727 1338 Messala
740 1293 767 1337 et
786 1284 884 1337 Marco

95 1363 196 1418 Pisone
209 1364 384 1434 Consulibus,
398 1366 476 1434 regni
495 1366 647 1436 cupiditate
665 1366 805 1434 inductus,
819 1382 883 1420 con-

90 1445 257 1516 jurationem
269 1447 420 1501 nobilitatis
433 1447 515 1512 fecit;
536 1457 562 1501 et
581 1447 685 1502 civitati
697 1447 841 1518 persuasit,
854 1458 884 1502 ut

93 1528 129 1582 de
150 1528 251 1582 finibus
273 1528 330 1583 suis
349 1545 412 1584 cum
431 1530 559 1583 omnibus
578 1529 665 1599 copiis
682 1529 805 1585 exirent:
823 1547 883 1601 per·

93 1610 173 1665 facile
185 1626 255 1680 esse,
268 1627 354 1680 quum
365 1611 465 1666 virtute
475 1613 603 1667 omnibus
616 1622 787 1682 praestarent,
800 1614 884 1670 totius

95 1694 193 1749 Galbae
205 1695 320 1764 immrio
332 1695 422 1764 potiri.
461 1696 494 1749 Id
505 1695 557 1750 hoc
565 1696 673 1750 facilius
685 1695 725 1750 eis
738 1696 882 1766 persuasit,

93 1777 168 1847 quod
191 1777 315 1847 undique
338 1777 392 1832 loci
417 1785 516 1833 natura
542 1779 663 1834 Helvetii
689 1778 883 1835 continentur:

92 1866 149 1913 una
161 1877 194 1914 ex
206 1869 284 1931 parte
302 1861 415 1915 flumine
434 1863 542 1930 Rheno,
553 1862 689 1916 latissimo
708 1872 791 1931 atque
807 1862 882 1917 altis-

92 1942 172 2010 simo,
196 1943 244 2012 qui
262 1959 359 2011 agrum
379 1944 539 1997 Helvetium
556 1961 575 1997 a
596 1945 744 1999 Germanis
765 1944 882 2000 dividit:

58 2071 61 2079 .
91 2024 178 2078 alteri
190 2041 224 2078 ex
241 2032 327 2093 parte,
340 2032 435 2078 monte
446 2026 513 2094 Jura
531 2025 675 2094 altissimo,
688 2027 735 2095 qui
747 2035 790 2080 est
811 2026 882 2081 inter

92 2107 236 2176 Sequanos
255 2114 283 2160 et
305 2106 466 2172 Helveti0s;
491 2107 579 2176 tertia,
605 2109 668 2162 lacu
689 2110 832 2163 Lemanno
853 2117 881 2164 et

91 2189 203 2242 flumine
234 2188 380 2259 Rhodano,
411 2189 457 2258 qui
490 2189 664 2244 Provinciam
688 2199 813 2244 nostram
843 2193 880 2246 ab

91 2269 228 2324 Helvetiis
252 2268 357 2324 dividit
404 2270 458 2323 His
475 2272 557 2325 rebus
576 2270 668 2339 fiebat,
688 2280 719 2326 ut
740 2281 767 2326 et
787 2271 880 2327 minus

89 2353 144 2412 late
164 2361 337 2422 vagarentur,
359 2362 386 2408 et
410 2352 502 2407 minius
522 2353 603 2408 facile
627 2352 751 2411 finitimis
775 2355 879 2409 bellum

88 2436 188 2491 inferre
211 2444 346 2506 possent:
363 2441 419 2506 qua
442 2436 478 2490 de
495 2443 581 2490 causa
604 2437 731 2492 homines
756 2438 878 2493 bellandi

87 2516 181 2587 cupidi
199 2512 302 2586 magno
321 2517 416 2571 dolore
440 2517 637 2579 afficiebantur.
685 2521 738 2572 Pro
756 2520 877 2574 multitu·

87 2600 153 2653 dine
174 2610 267 2654 autem
295 2600 449 2668 hominum,
471 2610 498 2654 et
519 2618 569 2670 pro
590 2602 677 2670 gloria
705 2602 768 2656 belli
794 2611 877 2673 atque

87 2682 262 2749 fortitudinis,
275 2693 409 2751 angustos
422 2699 452 2738 se
465 2684 534 2739 fines
546 2685 650 2739 habere
662 2685 876 2765 arbitrabantur,

91 2762 136 2832 qui
159 2761 187 2815 in
212 2762 414 2829 longitudinem
438 2764 525 2818 millia
549 2781 682 2837 passuum
706 2768 826 2820 ducenta
848 2777 876 2823 et
