1950 3384
192 246 252 298 DE
274 244 408 301 BELLO
433 248 613 318 GALLICO,
632 251 707 307 LIB.
727 255 750 308 I.
829 271 863 325 29

74 384 233 453 diurnisque
243 384 385 439 itineribus
395 389 543 456 contendit,
555 401 743 462 occupatoque
751 396 862 466 oppido,

75 467 113 519 ibi
127 467 286 534 praesidium
300 469 424 523 collocat.

110 551 244 605 XXXIX.
265 553 341 603 Dum
360 568 463 619 paucos
482 555 541 607 dies
561 557 596 608 ad
610 557 807 613 Vesontionem
823 562 861 614 rei

75 633 261 687 frumentariae
273 641 498 704 commeatusque
518 644 601 690 causa
614 649 745 710 moratur,
758 659 790 695 ex
802 659 862 711 per·

75 717 250 771 cunctatione
274 727 431 771 nostrorum
458 720 626 788 vocibusque
658 722 799 775 Gallorum
829 740 862 776 ac

74 801 339 870 mercatorum-qui
363 801 466 869 ingenti
497 804 687 871 magnitudine
717 822 862 875 corporum

76 885 239 954 Germanos,
252 884 406 937 incredibili
419 884 519 938 virtute
532 894 614 954 atque
627 888 821 942 exercitatione
833 889 862 942 in

75 966 159 1021 armis
172 982 233 1021 esse
251 968 447 1037 praedicabant,
462 984 651 1037 saepenumero
663 987 733 1037 sese,
746 972 862 1024 cumeis

75 1065 245 1117 congressos,
254 1049 402 1102 nevultum
412 1050 523 1117 quidem
531 1060 614 1120 atque
623 1052 711 1105 aciem
721 1055 862 1106 oculorum

74 1133 144 1187 ferre
166 1132 420 1200 potuisse-tantus
433 1132 524 1185 subito
542 1133 624 1185 timor
642 1150 753 1188 omnem
772 1151 862 1188 exerc·

75 1217 144 1269 itum
156 1214 311 1283 occupavit,
324 1222 354 1266 ut
372 1230 428 1266 non
439 1214 614 1267 mediocriter
623 1217 746 1268 omnium
755 1226 861 1271 mentes

74 1298 238 1365 animosque
255 1295 432 1364 perturbaret.
469 1295 523 1349 Hic
547 1295 666 1365 primirm
687 1308 760 1351 ortus
780 1307 821 1353 est
845 1316 863 1352 a

74 1379 205 1434 Tribunis
217 1378 343 1446 militum,
356 1377 492 1446 praefectis
506 1379 679 1449 reliquisque,
692 1380 747 1450 qui,
755 1397 789 1434 ex
796 1383 863 1437 urbe

74 1461 205 1516 amicitiae
217 1466 302 1514 causa
318 1460 457 1514 Caesarem
475 1461 591 1531 sequuti,
610 1479 666 1516 non
683 1479 815 1532 magnum
833 1464 862 1517 in

75 1560 104 1599 re
116 1543 226 1598 militari
239 1559 320 1596 usum
327 1542 484 1598 habebant:
502 1560 618 1612 quorum
626 1545 704 1613 alius,
715 1545 769 1599 alia
778 1552 862 1600 causa

74 1626 158 1694 illata,
182 1641 267 1695 quam
291 1624 344 1678 sibi
368 1625 405 1678 ad
428 1625 657 1693 proficiscendum
677 1628 862 1681 necessariam

75 1724 136 1763 esse
147 1709 279 1775 dicerent,
291 1706 431 1775 petebant,
443 1716 473 1759 ut
491 1708 550 1776 ejus
562 1709 702 1762 voluntate
720 1709 862 1764 discedere

74 1792 185 1846 liceret:
209 1789 343 1856 nonnulli,
367 1788 472 1856 pudore
496 1789 618 1856 adducti,
642 1800 672 1844 ut
693 1790 799 1844 timoris
818 1807 862 1844 su·

75 1872 228 1942 spicionem
240 1871 365 1938 vitarent,
377 1871 564 1926 remanebant.
603 1872 643 1925 Hi
655 1889 744 1942 neque
756 1874 862 1927 vultum

74 1957 186 2024 fingere,
204 1970 293 2023 neque
311 1953 449 2007 interdum
466 1953 594 2007 lacrimas
612 1963 704 2009 tenere
721 1963 861 2024 poterant:

74 2038 162 2093 abditi
174 2037 203 2092 in
216 2037 408 2104 tabernaculis,
418 2046 465 2090 aut
478 2053 557 2090 suum
570 2037 657 2091 fatum
669 2039 860 2107 querebantur,

74 2131 122 2176 aut
152 2138 215 2176 cum
244 2119 424 2174 familiaribus
456 2120 511 2173 suis
540 2137 686 2175 commune
710 2122 861 2190 periculum

74 2204 282 2258 miserabantur.
319 2202 409 2270 Vulgb
430 2202 494 2257 totis
514 2203 610 2257 castris
629 2213 795 2258 testamenta
813 2205 860 2258 ob·

74 2287 261 2355 signabantur.
300 2286 408 2338 Horum
426 2285 539 2338 vocibus
558 2303 591 2339 ac
612 2286 709 2340 timore
728 2287 861 2355 paulatim

74 2370 159 2425 etiam
179 2369 206 2435 ii,
228 2368 274 2437 qui
294 2383 427 2435 magnum
448 2367 476 2419 in
498 2367 594 2420 castris
616 2385 696 2420 usum
712 2368 861 2435 habebant,

74 2451 175 2506 milites
193 2449 428 2517 centurionesque,
446 2448 548 2517 quique
571 2450 693 2517 equitatu
717 2458 860 2517 praeerant,

74 2533 310 2606 perturbabantur.
348 2530 402 2598 Qui
421 2546 451 2584 se
470 2547 502 2584 ex
520 2530 563 2582 his
581 2529 673 2583 minius
692 2530 803 2585 timidos
816 2548 859 2585 ex·

74 2615 190 2671 istimari
211 2613 348 2681 volebant,
371 2628 427 2663 non
447 2628 476 2664 se
498 2612 606 2665 hostem
618 2612 713 2679 vereri,
727 2614 776 2667 sed
794 2631 858 2683 ang·

74 2699 159 2757 ostias
178 2695 282 2752 itineris
301 2703 328 2750 et
346 2693 565 2764 magnitudinem
584 2694 721 2763 silvarum,
740 2712 802 2766 quae
819 2697 858 2752 in·
