1950 3384
70 226 73 234 >
157 162 160 170 ’
212 203 271 256 ua
293 202 428 257 BELLO
454 201 637 271 caurien,
656 200 776 256 cml,
870 213 888 269 9

96 350 125 396 et
148 342 340 413 Sequanorum
365 344 395 397 in
418 342 587 397 Rhodanum
611 341 708 410 influit,
735 339 889 396 incredibili

96 424 217 494 lenitate,
228 426 267 479 ita
279 435 309 480 ut
322 426 416 495 oculis,
426 427 455 479 in
464 435 554 480 utram
566 434 673 495 partem
685 425 761 493 fluat,
771 423 889 494 judicari

96 522 153 560 non
164 509 260 575 possit
300 508 334 562 ld
348 509 469 563 Helvetii
482 508 587 562 ratibus
599 524 633 562 ac
646 508 773 562 lintribus
785 507 889 576 junctis

96 589 259 644 transibant
298 590 357 644 Ubi
381 605 431 659 per
456 590 641 659 exploratores
668 591 763 645 Caesar
790 590 889 644 certior

95 670 246 726 iactus-est
270 681 326 727 tres
344 673 404 743 jam
422 673 565 743 copiarum
584 682 676 743 partes
696 673 840 728 Helvetios
859 672 889 726 id

96 753 199 809 flumen
224 756 420 824 transduxisse,
444 765 570 826 quartam
595 773 661 810 vero
686 766 794 825 partem
819 756 888 810 citra

97 835 198 890 flumen
210 837 321 892 Ararim
336 839 469 908 reliquam
482 855 551 906 esse,
564 839 600 894 de
618 839 699 894 tertia
710 839 805 908 vigilia
823 854 888 892 cum

94 917 249 987 legionibus
262 920 349 976 tribus
361 937 378 975 e
390 921 487 976 castris
499 920 646 991 profectus,
656 921 693 975 ad
705 937 768 976 earn
780 930 887 991 partem

94 1001 227 1071 pervenit,
254 1019 318 1072 quae
346 1004 471 1058 nondum
500 1003 603 1058 flumen
633 1005 786 1059 transierat.
828 1006 886 1058 Eos

94 1083 243 1153 impeditos
256 1095 283 1139 et
295 1086 470 1156 inopinantes
482 1103 638 1157 aggressus,
647 1103 780 1156 magnam
791 1103 887 1142 eorum

93 1175 202 1235 partem
212 1169 333 1223 concidit
343 1187 349 1224 :
361 1171 458 1239 reliqui
470 1169 544 1238 iugae
552 1186 615 1224 sese
624 1169 792 1224 mandarunt
804 1178 886 1238 atque
952 1236 954 1242 Ι

94 1248 124 1303 in
139 1250 279 1318 proximas
298 1251 382 1305 silvas
400 1251 574 1305 abdiderunt
613 1254 642 1305 ls
659 1267 747 1321 pagus
765 1252 885 1321 appella-

12 1376 13 1379 ,
94 1331 175 1385 batur
195 1332 360 1401 Tigurinus:
385 1349 451 1387 nam
474 1333 565 1388 omnis
584 1334 683 1388 civitas
706 1335 837 1389 Helvetia
857 1335 885 1388 in

93 1421 212 1484 quatuor
228 1431 316 1486 pagos
333 1417 423 1471 divisa
440 1427 488 1473 est
527 1417 583 1471 Hic
601 1434 689 1488 pagus
708 1434 787 1486 uuus,
800 1433 886 1487 quum

93 1496 178 1552 domo
190 1497 300 1567 exisset,
312 1509 422 1569 patrum
440 1508 598 1555 nostrorum
614 1500 757 1568 memorii,
771 1500 886 1555 LucIum

95 1580 378 1653 CassiumConsulem
386 1581 668 1652 interfecerat‚etejus
676 1584 825 1637 exercitum
834 1585 885 1638 sub

90 1664 189 1734 jugum
201 1666 322 1721 miserat.
354 1668 407 1734 Ita,
421 1666 479 1720 sive
491 1682 558 1719 casu
572 1667 630 1720 sive
642 1666 758 1720 consilio
771 1667 885 1720 deorum

94 1746 299 1817 immortalium,
312 1765 375 1818 quae
387 1765 451 1818 pars
464 1747 583 1802 civitatis
598 1748 736 1802 Helvetiae
748 1748 885 1816 insignem

94 1830 282 1886 calamitatem
295 1833 401 1900 Populo
415 1832 543 1884 Romano
561 1830 698 1899 intulerat,
712 1847 745 1885 ea
757 1831 885 1900 princeps

94 1929 193 1982 poenas
219 1915 356 1982 persolvit
395 1916 459 1985 Qua
481 1914 510 1968 in
535 1931 564 1970 re
590 1914 685 1969 Caesar
711 1931 768 1968 non
795 1914 885 1969 solium

93 1996 227 2066 publicas,
240 1998 291 2052 sed
303 1997 388 2052 etiam
399 1997 521 2066 priuatas
535 1996 649 2067 injurias
661 1997 734 2052 ultus
746 2006 797 2066 est,
810 1998 885 2068 qudd

93 2082 154 2149 ejus
172 2081 259 2135 soceri
279 2081 356 2136 Lucii
377 2081 486 2135 Pisonis
507 2097 598 2148 avum,
620 2081 735 2135 Lucium
755 2082 885 2136 Pisonem

93 2161 224 2232 legatum,
249 2163 375 2233 Tigurini
405 2164 503 2218 eodem
530 2163 637 2232 proelio,
664 2179 720 2233 quo
747 2164 885 2235 Cassium,

93 2243 293 2302 interfecerant

129 2328 213 2383 XIII.
236 2331 300 2384 Hoc
312 2328 411 2399 proelio
423 2328 505 2398 iacto,
520 2328 640 2398 reliquas
652 2329 748 2399 copias
762 2330 885 2385 Helveti-

94 2423 173 2461 orum
194 2419 224 2462 ut
242 2410 374 2479 consequi
392 2418 494 2479 posset,
507 2419 621 2479 pontem
637 2410 667 2463 in
679 2411 766 2464 Arare
784 2412 885 2466 iacien-

94 2490 162 2546 dum
171 2502 255 2561 curat,
264 2503 348 2562 atque
358 2493 397 2547 ita
405 2492 555 2546 exercitum
564 2492 725 2547 transducit.
755 2495 885 2564 Helvetii,

93 2575 238 2643 repentino
260 2575 318 2644 ejus
340 2575 461 2629 adventu
482 2575 623 2643 commoti,
646 2591 730 2644 quum
752 2576 788 2645 id,
810 2579 886 2648 quod

94 2656 148 2726 ipsi
160 2657 258 2713 diebus
270 2657 367 2728 viginti
382 2656 525 2725 aegerrimd
543 2657 727 2727 confecerant,
740 2668 770 2714 ut
783 2661 886 2717 flumen

94 2741 249 2809 transtrent,
259 2758 315 2795 uno
324 2741 402 2795 illum
411 2740 457 2795 dle
465 2739 565 2796 fecisse
577 2741 768 2811 intelligerent,
778 2744 885 2813 legatos
