1950 3384
200 230 260 284 oa
282 230 417 287 netto
442 193 763 296 carnicojnrar.
862 240 878 292 ⁷

88 372 111 427 si
123 387 300 441 perrumpere
321 380 436 441 possent
448 371 550 440 conati,
570 369 659 442 operis
681 368 835 422 munitione
850 375 877 422 ct

87 453 205 508 militum
217 470 353 508 concursu
365 462 393 508 et
411 453 472 508 telis
485 454 595 523 repulsi,
608 454 663 506 hoc
680 459 782 505 conatu
795 448 878 504 desti·

87 546 185 592 terunt.

123 621 172 673 lX.
192 618 409 687 Relinquebatur
427 635 483 672 una
503 633 552 687 per
574 619 717 687 Sequanos
738 615 791 684 via,
814 619 877 684 qui,

88 701 225 771 Sequanis
237 701 340 769 invitis,
350 710 462 771 propter
469 701 613 770 angustias
625 701 665 755 ire
677 705 876 767 nonpoterant.

87 785 142 839 His
169 801 255 854 quum
280 790 331 837 sua
359 793 458 853 sponte
484 783 652 853 persuadere
678 799 735 836 non
754 789 877 851 possent,

86 857 192 934 legatos
215 866 253 920 ad
277 867 480 935 Dumnorigem
500 867 624 920 AEduum
648 866 768 934 mittunt,
790 872 820 917 ut
843 879 877 918 eo

86 949 264 1019 deprecatore
290 966 308 1003 a
329 950 466 1019 Sequanis
491 949 676 1019 impetrarent
722 947 877 1001 Dumnorix

85 1032 176 1101 gratia
205 1041 233 1086 et
262 1032 407 1116 lqrgitione
443 1032 518 1101 apud
550 1033 694 1100 Sequanos
728 1028 877 1101 plurimum

86 1123 201 1186 poterat,
214 1124 242 1170 et
253 1115 389 1170 Helvetiis
400 1125 460 1169 erat
472 1115 586 1184 amicus,
600 1113 674 1183 qubd
683 1119 757 1167 exea
766 1112 878 1166 civitate

88 1198 257 1266 Orgetorigis
287 1198 373 1250 filiam
397 1197 426 1250 in
444 1197 652 1251 matrimonium
677 1196 792 1249 duxerat
799 1213 807 1258 ;
841 1203 876 1261 et,

86 1280 238 1350 cupiditate
259 1280 336 1347 regni
348 1279 493 1348 adductus,
506 1279 586 1332 novis
604 1279 686 1332 rebus
699 1277 835 1344 studebat,
850 1285 878 1331 et
920 1317 922 1322 -

86 1360 316 1430 quamplurimas
337 1361 463 1415 civitates
482 1377 532 1414 suo
552 1360 604 1415 sibi
626 1360 761 1415 beneficio
774 1360 877 1413 habere

87 1444 233 1499 obstrictas
263 1443 381 1497 volebat
432 1434 530 1513 Itaque
560 1461 619 1497 rem
650 1442 772 1512 suscipit,
802 1451 830 1496 et
860 1457 877 1495 a

87 1526 224 1596 Sequanis
243 1525 380 1595 impetrat,
398 1535 428 1580 ut
447 1542 496 1595 per
514 1526 583 1579 fines
602 1542 666 1579 suos
679 1526 719 1579 ire
732 1524 876 1578 Helvetios

86 1609 244 1679 patiantur;
265 1607 433 1677 obsidesque
445 1608 485 1662 uti
498 1608 570 1662 inter
583 1623 645 1662 sese
663 1608 739 1675 dent,
751 1606 877 1675 perlicit:

87 1691 217 1761 Sequani,
228 1705 264 1745 ne
275 1690 373 1745 itinere
388 1690 532 1744 Helvetios
542 1691 724 1759 prohibeant;
746 1689 876 1756 Helvetii,

86 1783 117 1828 ut
129 1774 189 1828 sine
202 1773 339 1828 maleficio
351 1782 380 1826 et
392 1772 491 1841 injuria
503 1781 653 1827 transeant.

121 1858 157 1912 X.
178 1856 282 1910 Caesari
301 1855 474 1910 renuntiatur
496 1855 634 1909 Helvetiis
656 1870 718 1909 esse
735 1853 764 1906 in
783 1853 876 1907 animo

86 1957 136 2010 per
148 1956 245 2008 agrum
264 1939 456 2008 Sequanorum
474 1946 502 1992 et
519 1937 676 1991 AEduorum
695 1936 746 1990 iter
759 1935 787 1988 in
807 1937 876 1990 San-

87 2032 184 2078 tonum
207 2022 276 2076 fines
296 2021 395 2091 lacere,
415 2021 462 2090 qui
486 2037 543 2074 non
563 2020 646 2089 longe
665 2037 683 2074 a
703 2019 876 2074 Tolosatium

87 2106 188 2160 linibus
200 2106 310 2173 absunt,
325 2121 387 2174 quae
400 2105 497 2158 civitas
510 2114 552 2158 est
565 2104 593 2157 in
608 2103 761 2158 Provincia
801 2102 834 2157 ld
853 2104 875 2157 si

87 2187 172 2255 fieret,
193 2188 365 2256 intelligebat
377 2203 479 2256 magno
499 2204 562 2242 curn
583 2186 736 2241 Provinciae
755 2187 877 2257 periculo

87 2271 216 2338 futurum,
241 2279 271 2324 ut
294 2271 421 2324 homines
446 2270 601 2337 bellicosos,
634 2271 731 2339 Populi
757 2269 876 2324 Romani

10 2409 12 2416 ,
88 2352 224 2422 inimicos,
237 2351 305 2407 locis
318 2354 478 2422 patentibus
497 2351 673 2421 maximeque
690 2353 877 2406 frumentariis

88 2434 220 2488 finitimos
247 2435 369 2489 haberet.
408 2436 453 2490 Ob
478 2451 526 2489 eas
547 2451 647 2488 causas
673 2435 698 2489 ei
722 2434 877 2501 munitioni,

89 2533 174 2586 quam
185 2516 298 2585 lecerat,
310 2518 406 2571 Titum
426 2517 581 2571 Labienum
593 2518 714 2585 legatum
736 2515 878 2585 praelecit:

89 2599 149 2669 lpse
161 2599 190 2652 in
202 2600 312 2653 ltaliam
323 2599 433 2668 magnis
441 2599 584 2653 itineribus
594 2598 743 2667 contendit,
754 2600 878 2668 duasque

90 2683 128 2737 ibi
140 2683 264 2751 legiones
284 2682 442 2750 conscribit,
464 2691 492 2737 et
509 2693 573 2751 tres,
587 2699 649 2752 quae
667 2682 771 2736 circum
791 2683 878 2751 Aqui·

90 2765 171 2823 leiam
202 2765 369 2832 hiemabant,
399 2781 433 2819 ex
466 2765 589 2821 hibernis
619 2766 728 2831 educit;
763 2774 798 2827 et.
823 2765 878 2833 qua
