<?xml version="1.0" encoding="UTF-8"?>
<!DOCTYPE html PUBLIC "-//W3C//DTD XHTML 1.0 Transitional//EN"
    "http://www.w3.org/TR/xhtml1/DTD/xhtml1-transitional.dtd">
<html xmlns="http://www.w3.org/1999/xhtml" xml:lang="en" lang="en">
 <head>
  <title>
</title>
<meta http-equiv="Content-Type" content="text/html;charset=utf-8" />
  <meta name='ocr-system' content='tesseract 3.04.00' />
  <meta name='ocr-capabilities' content='ocr_page ocr_carea ocr_par ocr_line ocrx_word'/>
</head>
<body>
  <div class='ocr_page' id='page_1' title='image "./gallicwarbookiv02whitgoog_0041.png"; bbox 0 0 1936 3158; ppageno 0'>
   <div class='ocr_carea' id='block_1_1' title="bbox 79 205 662 291">
    <p class='ocr_par' dir='ltr' id='par_1_1' title="bbox 79 205 662 291">
     <span class='ocr_line' id='line_1_1' title="bbox 79 205 662 291; baseline 0.01 -20"><span class='ocrx_word' id='word_1_1' title='bbox 79 205 113 271; x_wconf 79' lang='lat'>28</span> <span class='ocrx_word' id='word_1_2' title='bbox 291 222 320 277; x_wconf 88' lang='lat' dir='ltr'>c.</span> <span class='ocrx_word' id='word_1_3' title='bbox 338 215 455 291; x_wconf 75' lang='lat' dir='ltr'>Jorrr</span> <span class='ocrx_word' id='word_1_4' title='bbox 477 211 662 277; x_wconf 64' lang='lat' dir='ltr'>casaris</span> 
     </span>
    </p>
   </div>
   <div class='ocr_carea' id='block_1_2' title="bbox 78 359 872 2745">
    <p class='ocr_par' dir='ltr' id='par_1_2' title="bbox 78 359 872 2745">
     <span class='ocr_line' id='line_1_2' title="bbox 78 359 868 434; baseline 0.006 -21"><span class='ocrx_word' id='word_1_5' title='bbox 78 359 178 415; x_wconf 87' lang='lat' dir='ltr'>ebant:</span> <span class='ocrx_word' id='word_1_6' title='bbox 195 360 281 414; x_wconf 88' lang='lat' dir='ltr'>AEdui</span> <span class='ocrx_word' id='word_1_7' title='bbox 294 369 428 431; x_wconf 89' lang='lat' dir='ltr'>questum,</span> <span class='ocrx_word' id='word_1_8' title='bbox 443 362 517 432; x_wconf 79' lang='lat' dir='ltr'>quod</span> <span class='ocrx_word' id='word_1_9' title='bbox 533 364 670 431; x_wconf 84' lang='lat' dir='ltr'>Harudes,</span> <span class='ocrx_word' id='word_1_10' title='bbox 682 363 728 433; x_wconf 91' lang='lat' dir='ltr'>qui</span> <span class='ocrx_word' id='word_1_11' title='bbox 741 379 828 434; x_wconf 88' lang='lat' dir='ltr'>nuper</span> <span class='ocrx_word' id='word_1_12' title='bbox 839 363 868 418; x_wconf 81' lang='lat' dir='ltr'>ln</span> 
     </span>
     <span class='ocr_line' id='line_1_3' title="bbox 80 443 868 516; baseline 0.005 -20"><span class='ocrx_word' id='word_1_13' title='bbox 80 443 201 496; x_wconf 85' lang='lat' dir='ltr'>Galliam</span> <span class='ocrx_word' id='word_1_14' title='bbox 213 445 391 513; x_wconf 86' lang='lat' dir='ltr'>transportati</span> <span class='ocrx_word' id='word_1_15' title='bbox 404 455 504 512; x_wconf 88' lang='lat' dir='ltr'><strong>essent,</strong></span> <span class='ocrx_word' id='word_1_16' title='bbox 517 447 586 499; x_wconf 87' lang='lat' dir='ltr'>fines</span> <span class='ocrx_word' id='word_1_17' title='bbox 599 463 693 499; x_wconf 91' lang='lat' dir='ltr'>eorum</span> <span class='ocrx_word' id='word_1_18' title='bbox 705 447 868 516; x_wconf 86' lang='lat' dir='ltr'>popularen-</span> 
     </span>
     <span class='ocr_line' id='line_1_4' title="bbox 79 527 868 598; baseline 0.005 -20"><span class='ocrx_word' id='word_1_19' title='bbox 79 533 134 589; x_wconf 85' lang='lat' dir='ltr'>tur;</span> <span class='ocrx_word' id='word_1_20' title='bbox 150 542 212 582; x_wconf 87' lang='lat' dir='ltr'>sese</span> <span class='ocrx_word' id='word_1_21' title='bbox 224 543 260 582; x_wconf 84' lang='lat' dir='ltr'>ne</span> <span class='ocrx_word' id='word_1_22' title='bbox 272 527 414 583; x_wconf 91' lang='lat' dir='ltr'>obsidibus</span> <span class='ocrx_word' id='word_1_23' title='bbox 424 529 536 598; x_wconf 89' lang='lat' dir='ltr'>quidem</span> <span class='ocrx_word' id='word_1_24' title='bbox 550 530 621 582; x_wconf 89' lang='lat' dir='ltr'>datis</span> <span class='ocrx_word' id='word_1_25' title='bbox 630 546 728 598; x_wconf 87' lang='lat' dir='ltr'>pacem</span> <span class='ocrx_word' id='word_1_26' title='bbox 739 529 868 583; x_wconf 82' lang='lat' dir='ltr'>Ariovisti</span> 
     </span>
     <span class='ocr_line' id='line_1_5' title="bbox 80 608 868 680; baseline 0.006 -20"><span class='ocrx_word' id='word_1_27' title='bbox 80 608 213 664; x_wconf 84' lang='lat' dir='ltr'>redimere</span> <span class='ocrx_word' id='word_1_28' title='bbox 232 611 370 679; x_wconf 91' lang='lat' dir='ltr'>potuisse:</span> <span class='ocrx_word' id='word_1_29' title='bbox 396 611 503 665; x_wconf 86' lang='lat' dir='ltr'>Treviri</span> <span class='ocrx_word' id='word_1_30' title='bbox 527 621 627 678; x_wconf 88' lang='lat' dir='ltr'>autem,</span> <span class='ocrx_word' id='word_1_31' title='bbox 650 629 736 680; x_wconf 85' lang='lat' dir='ltr'>pagos</span> <span class='ocrx_word' id='word_1_32' title='bbox 758 622 868 665; x_wconf 90' lang='lat' dir='ltr'>centum</span> 
     </span>
     <span class='ocr_line' id='line_1_6' title="bbox 80 693 868 763; baseline 0.004 -18"><span class='ocrx_word' id='word_1_33' title='bbox 80 693 232 746; x_wconf 90' lang='lat' dir='ltr'>Suevorum</span> <span class='ocrx_word' id='word_1_34' title='bbox 245 694 282 746; x_wconf 89' lang='lat' dir='ltr'>ad</span> <span class='ocrx_word' id='word_1_35' title='bbox 298 694 372 762; x_wconf 88' lang='lat' dir='ltr'>ripas</span> <span class='ocrx_word' id='word_1_36' title='bbox 391 694 481 748; x_wconf 91' lang='lat' dir='ltr'>Rheni</span> <span class='ocrx_word' id='word_1_37' title='bbox 500 695 665 762; x_wconf 84' lang='lat' dir='ltr'>consedisse,</span> <span class='ocrx_word' id='word_1_38' title='bbox 679 695 726 763; x_wconf 91' lang='lat' dir='ltr'>qui</span> <span class='ocrx_word' id='word_1_39' title='bbox 740 695 868 748; x_wconf 89' lang='lat' dir='ltr'>Rhenum</span> 
     </span>
     <span class='ocr_line' id='line_1_7' title="bbox 79 775 869 846; baseline 0.003 -20"><span class='ocrx_word' id='word_1_40' title='bbox 79 775 195 828; x_wconf 82' lang='lat' dir='ltr'>transIre</span> <span class='ocrx_word' id='word_1_41' title='bbox 214 785 389 841; x_wconf 90' lang='lat' dir='ltr'>conarentur;</span> <span class='ocrx_word' id='word_1_42' title='bbox 410 776 444 830; x_wconf 91' lang='lat' dir='ltr'>iis</span> <span class='ocrx_word' id='word_1_43' title='bbox 463 792 582 846; x_wconf 85' lang='lat' dir='ltr'>praeesse</span> <span class='ocrx_word' id='word_1_44' title='bbox 602 779 729 830; x_wconf 87' lang='lat' dir='ltr'>Nasuam</span> <span class='ocrx_word' id='word_1_45' title='bbox 747 787 775 831; x_wconf 91' lang='lat' dir='ltr'>et</span> <span class='ocrx_word' id='word_1_46' title='bbox 795 776 869 829; x_wconf 93' lang='lat' dir='ltr'>Cim-</span> 
     </span>
     <span class='ocr_line' id='line_1_8' title="bbox 79 857 869 927; baseline 0.001 -18"><span class='ocrx_word' id='word_1_47' title='bbox 79 857 185 910; x_wconf 90' lang='lat' dir='ltr'>berium</span> <span class='ocrx_word' id='word_1_48' title='bbox 204 858 308 913; x_wconf 87' lang='lat' dir='ltr'>fratres.</span> <span class='ocrx_word' id='word_1_49' title='bbox 347 859 454 927; x_wconf 86' lang='lat' dir='ltr'>Quibus</span> <span class='ocrx_word' id='word_1_50' title='bbox 478 860 560 913; x_wconf 92' lang='lat' dir='ltr'>rebus</span> <span class='ocrx_word' id='word_1_51' title='bbox 580 859 674 912; x_wconf 86' lang='lat' dir='ltr'>Caesar</span> <span class='ocrx_word' id='word_1_52' title='bbox 692 860 869 913; x_wconf 92' lang='lat' dir='ltr'>vehementer</span> 
     </span>
     <span class='ocr_line' id='line_1_9' title="bbox 79 941 869 1008; baseline 0.001 -16"><span class='ocrx_word' id='word_1_53' title='bbox 79 950 242 1008; x_wconf 91' lang='lat' dir='ltr'>commotus,</span> <span class='ocrx_word' id='word_1_54' title='bbox 255 941 452 995; x_wconf 88' lang='lat' dir='ltr'>maturandum</span> <span class='ocrx_word' id='word_1_55' title='bbox 460 941 514 994; x_wconf 90' lang='lat' dir='ltr'>sibi</span> <span class='ocrx_word' id='word_1_56' title='bbox 523 941 697 1008; x_wconf 90' lang='lat' dir='ltr'>existimavit,</span> <span class='ocrx_word' id='word_1_57' title='bbox 707 959 750 1008; x_wconf 90' lang='lat' dir='ltr'>ne,</span> <span class='ocrx_word' id='word_1_58' title='bbox 761 942 784 994; x_wconf 89' lang='lat' dir='ltr'>si</span> <span class='ocrx_word' id='word_1_59' title='bbox 796 957 869 994; x_wconf 89' lang='lat' dir='ltr'>nova</span> 
     </span>
     <span class='ocr_line' id='line_1_10' title="bbox 79 1022 869 1093; baseline 0.003 -19"><span class='ocrx_word' id='word_1_60' title='bbox 79 1039 178 1076; x_wconf 86' lang='lat' dir='ltr'>manus</span> <span class='ocrx_word' id='word_1_61' title='bbox 204 1024 357 1078; x_wconf 89' lang='lat' dir='ltr'>Suevorum</span> <span class='ocrx_word' id='word_1_62' title='bbox 381 1041 445 1078; x_wconf 93' lang='lat' dir='ltr'>cum</span> <span class='ocrx_word' id='word_1_63' title='bbox 468 1024 606 1079; x_wconf 86' lang='lat' dir='ltr'>veteribus</span> <span class='ocrx_word' id='word_1_64' title='bbox 630 1024 717 1093; x_wconf 93' lang='lat' dir='ltr'>copiis</span> <span class='ocrx_word' id='word_1_65' title='bbox 738 1022 869 1078; x_wconf 88' lang='lat' dir='ltr'>Ariovisti</span> 
     </span>
     <span class='ocr_line' id='line_1_11' title="bbox 80 1105 869 1176; baseline 0.003 -18"><span class='ocrx_word' id='word_1_66' title='bbox 80 1121 141 1159; x_wconf 90' lang='lat' dir='ltr'>sese</span> <span class='ocrx_word' id='word_1_67' title='bbox 151 1105 346 1175; x_wconf 86' lang='lat' dir='ltr'>conjunxisset,</span> <span class='ocrx_word' id='word_1_68' title='bbox 354 1106 445 1160; x_wconf 77' lang='lat' dir='ltr'>minus</span> <span class='ocrx_word' id='word_1_69' title='bbox 453 1106 534 1161; x_wconf 91' lang='lat' dir='ltr'>facile</span> <span class='ocrx_word' id='word_1_70' title='bbox 543 1105 633 1160; x_wconf 86' lang='lat' dir='ltr'>resisti</span> <span class='ocrx_word' id='word_1_71' title='bbox 642 1114 743 1176; x_wconf 80' lang='lat' dir='ltr'>posset</span> <span class='ocrx_word' id='word_1_72' title='bbox 771 1106 869 1174; x_wconf 85' lang='lat' dir='ltr'>Itaque</span> 
     </span>
     <span class='ocr_line' id='line_1_12' title="bbox 80 1189 869 1260; baseline 0 -18"><span class='ocrx_word' id='word_1_73' title='bbox 80 1205 109 1243; x_wconf 91' lang='lat' dir='ltr'>re</span> <span class='ocrx_word' id='word_1_74' title='bbox 121 1189 308 1258; x_wconf 71' lang='lat' dir='ltr'>frumentaria,</span> <span class='ocrx_word' id='word_1_75' title='bbox 321 1189 406 1260; x_wconf 69' lang='lat' dir='ltr'>quem</span> <span class='ocrx_word' id='word_1_76' title='bbox 425 1189 566 1244; x_wconf 78' lang='lat' dir='ltr'>celerrime</span> <span class='ocrx_word' id='word_1_77' title='bbox 584 1189 681 1257; x_wconf 89' lang='lat' dir='ltr'>potuit,</span> <span class='ocrx_word' id='word_1_78' title='bbox 700 1193 869 1258; x_wconf 66' lang='lat' dir='ltr'>comparati,</span> 
     </span>
     <span class='ocr_line' id='line_1_13' title="bbox 80 1272 739 1339; baseline 0.008 -16"><span class='ocrx_word' id='word_1_79' title='bbox 80 1272 189 1339; x_wconf 88' lang='lat' dir='ltr'>magnis</span> <span class='ocrx_word' id='word_1_80' title='bbox 202 1272 344 1327; x_wconf 89' lang='lat' dir='ltr'>itineribus</span> <span class='ocrx_word' id='word_1_81' title='bbox 357 1273 394 1326; x_wconf 88' lang='lat' dir='ltr'>ad</span> <span class='ocrx_word' id='word_1_82' title='bbox 406 1272 576 1327; x_wconf 85' lang='lat' dir='ltr'>Ariovistum</span> <span class='ocrx_word' id='word_1_83' title='bbox 589 1272 739 1328; x_wconf 83' lang='lat' dir='ltr'>contendit.</span> 
     </span>
     <span class='ocr_line' id='line_1_14' title="bbox 114 1355 869 1424; baseline 0.001 -19"><span class='ocrx_word' id='word_1_84' title='bbox 114 1355 279 1408; x_wconf 89' lang='lat' dir='ltr'>XXXVIII.</span> <span class='ocrx_word' id='word_1_85' title='bbox 301 1356 393 1422; x_wconf 82' lang='lat' dir='ltr'>Quum</span> <span class='ocrx_word' id='word_1_86' title='bbox 406 1356 488 1409; x_wconf 92' lang='lat' dir='ltr'>tridui</span> <span class='ocrx_word' id='word_1_87' title='bbox 503 1355 577 1409; x_wconf 89' lang='lat' dir='ltr'>viam</span> <span class='ocrx_word' id='word_1_88' title='bbox 595 1355 782 1424; x_wconf 86' lang='lat' dir='ltr'>processisset,</span> <span class='ocrx_word' id='word_1_89' title='bbox 800 1369 869 1406; x_wconf 89' lang='lat' dir='ltr'>nun·</span> 
     </span>
     <span class='ocr_line' id='line_1_15' title="bbox 81 1435 869 1505; baseline 0.003 -17"><span class='ocrx_word' id='word_1_90' title='bbox 81 1436 177 1489; x_wconf 88' lang='lat' dir='ltr'>tiatum</span> <span class='ocrx_word' id='word_1_91' title='bbox 190 1446 232 1489; x_wconf 88' lang='lat' dir='ltr'>est</span> <span class='ocrx_word' id='word_1_92' title='bbox 245 1437 278 1503; x_wconf 93' lang='lat' dir='ltr'>ei,</span> <span class='ocrx_word' id='word_1_93' title='bbox 290 1437 460 1491; x_wconf 89' lang='lat' dir='ltr'>Ariovistum</span> <span class='ocrx_word' id='word_1_94' title='bbox 479 1454 542 1491; x_wconf 91' lang='lat' dir='ltr'>cum</span> <span class='ocrx_word' id='word_1_95' title='bbox 561 1437 617 1491; x_wconf 90' lang='lat' dir='ltr'>suis</span> <span class='ocrx_word' id='word_1_96' title='bbox 636 1438 764 1491; x_wconf 91' lang='lat' dir='ltr'>omnibus</span> <span class='ocrx_word' id='word_1_97' title='bbox 782 1435 869 1505; x_wconf 90' lang='lat' dir='ltr'>copiis</span> 
     </span>
     <span class='ocr_line' id='line_1_16' title="bbox 81 1518 869 1587; baseline 0 -16"><span class='ocrx_word' id='word_1_98' title='bbox 81 1519 116 1571; x_wconf 90' lang='lat' dir='ltr'>ad</span> <span class='ocrx_word' id='word_1_99' title='bbox 136 1518 330 1587; x_wconf 84' lang='lat' dir='ltr'>occupandum</span> <span class='ocrx_word' id='word_1_100' title='bbox 350 1519 556 1587; x_wconf 88' lang='lat' dir='ltr'>Vesontionem,</span> <span class='ocrx_word' id='word_1_101' title='bbox 579 1520 654 1587; x_wconf 91' lang='lat' dir='ltr'>quod</span> <span class='ocrx_word' id='word_1_102' title='bbox 674 1528 716 1574; x_wconf 87' lang='lat' dir='ltr'>est</span> <span class='ocrx_word' id='word_1_103' title='bbox 737 1518 869 1587; x_wconf 92' lang='lat' dir='ltr'>oppidum</span> 
     </span>
     <span class='ocr_line' id='line_1_17' title="bbox 81 1600 870 1670; baseline -0.001 -17"><span class='ocrx_word' id='word_1_104' title='bbox 81 1601 230 1654; x_wconf 83' lang='lat' dir='ltr'>maxImum</span> <span class='ocrx_word' id='word_1_105' title='bbox 244 1601 442 1670; x_wconf 89' lang='lat' dir='ltr'>Sequanorum,</span> <span class='ocrx_word' id='word_1_106' title='bbox 456 1601 628 1670; x_wconf 90' lang='lat' dir='ltr'>contendere,</span> <span class='ocrx_word' id='word_1_107' title='bbox 647 1601 784 1670; x_wconf 85' lang='lat' dir='ltr'>triduique</span> <span class='ocrx_word' id='word_1_108' title='bbox 795 1600 870 1654; x_wconf 87' lang='lat' dir='ltr'>viam</span> 
     </span>
     <span class='ocr_line' id='line_1_18' title="bbox 80 1684 869 1755; baseline -0.001 -18"><span class='ocrx_word' id='word_1_109' title='bbox 80 1702 97 1737; x_wconf 88' lang='lat' dir='ltr'>a</span> <span class='ocrx_word' id='word_1_110' title='bbox 116 1684 172 1738; x_wconf 93' lang='lat' dir='ltr'>suis</span> <span class='ocrx_word' id='word_1_111' title='bbox 191 1685 291 1739; x_wconf 88' lang='lat' dir='ltr'>finibus</span> <span class='ocrx_word' id='word_1_112' title='bbox 309 1685 464 1755; x_wconf 83' lang='lat' dir='ltr'>profecisse</span> <span class='ocrx_word' id='word_1_113' title='bbox 504 1684 538 1738; x_wconf 91' lang='lat' dir='ltr'>Id</span> <span class='ocrx_word' id='word_1_114' title='bbox 556 1701 591 1738; x_wconf 93' lang='lat' dir='ltr'>ne</span> <span class='ocrx_word' id='word_1_115' title='bbox 609 1684 755 1753; x_wconf 87' lang='lat' dir='ltr'>accideret,</span> <span class='ocrx_word' id='word_1_116' title='bbox 773 1699 869 1751; x_wconf 89' lang='lat' dir='ltr'>magn·</span> 
     </span>
     <span class='ocr_line' id='line_1_19' title="bbox 81 1766 868 1836; baseline -0.003 -16"><span class='ocrx_word' id='word_1_117' title='bbox 81 1783 163 1835; x_wconf 91' lang='lat' dir='ltr'>opere</span> <span class='ocrx_word' id='word_1_118' title='bbox 176 1767 229 1821; x_wconf 92' lang='lat' dir='ltr'>sibi</span> <span class='ocrx_word' id='word_1_119' title='bbox 247 1768 460 1836; x_wconf 86' lang='lat' dir='ltr'>praecavendum</span> <span class='ocrx_word' id='word_1_120' title='bbox 474 1767 565 1821; x_wconf 85' lang='lat' dir='ltr'>Caesar</span> <span class='ocrx_word' id='word_1_121' title='bbox 580 1766 772 1821; x_wconf 82' lang='lat' dir='ltr'>existimabat:</span> <span class='ocrx_word' id='word_1_122' title='bbox 790 1781 868 1818; x_wconf 90' lang='lat' dir='ltr'>nam·</span> 
     </span>
     <span class='ocr_line' id='line_1_20' title="bbox 80 1848 869 1919; baseline -0.004 -16"><span class='ocrx_word' id='word_1_123' title='bbox 80 1866 134 1917; x_wconf 91' lang='lat' dir='ltr'>que</span> <span class='ocrx_word' id='word_1_124' title='bbox 158 1849 282 1903; x_wconf 88' lang='lat' dir='ltr'>omnium</span> <span class='ocrx_word' id='word_1_125' title='bbox 306 1867 404 1919; x_wconf 87' lang='lat' dir='ltr'>rerum,</span> <span class='ocrx_word' id='word_1_126' title='bbox 430 1866 493 1919; x_wconf 90' lang='lat' dir='ltr'>quae</span> <span class='ocrx_word' id='word_1_127' title='bbox 516 1851 554 1903; x_wconf 88' lang='lat' dir='ltr'>ad</span> <span class='ocrx_word' id='word_1_128' title='bbox 576 1850 679 1904; x_wconf 90' lang='lat' dir='ltr'>bellum</span> <span class='ocrx_word' id='word_1_129' title='bbox 702 1848 764 1902; x_wconf 91' lang='lat' dir='ltr'>usui</span> <span class='ocrx_word' id='word_1_130' title='bbox 784 1856 869 1914; x_wconf 84' lang='lat' dir='ltr'>erant,</span> 
     </span>
     <span class='ocr_line' id='line_1_21' title="bbox 81 1931 871 2001; baseline -0.005 -16"><span class='ocrx_word' id='word_1_131' title='bbox 81 1949 190 1986; x_wconf 87' lang='lat' dir='ltr'>summa</span> <span class='ocrx_word' id='word_1_132' title='bbox 208 1943 266 1987; x_wconf 89' lang='lat' dir='ltr'>erat</span> <span class='ocrx_word' id='word_1_133' title='bbox 284 1932 313 1985; x_wconf 92' lang='lat' dir='ltr'>in</span> <span class='ocrx_word' id='word_1_134' title='bbox 331 1949 364 1986; x_wconf 90' lang='lat' dir='ltr'>eo</span> <span class='ocrx_word' id='word_1_135' title='bbox 383 1931 485 2001; x_wconf 91' lang='lat' dir='ltr'>oppido</span> <span class='ocrx_word' id='word_1_136' title='bbox 509 1932 625 1986; x_wconf 82' lang='lat' dir='ltr'>facultas</span> <span class='ocrx_word' id='word_1_137' title='bbox 635 1951 643 1997; x_wconf 88' lang='lat'>;</span> <span class='ocrx_word' id='word_1_138' title='bbox 671 1931 754 2000; x_wconf 91' lang='lat' dir='ltr'>idque</span> <span class='ocrx_word' id='word_1_139' title='bbox 772 1933 871 1983; x_wconf 69' lang='lat' dir='ltr'>natural</span> 
     </span>
     <span class='ocr_line' id='line_1_22' title="bbox 82 2012 869 2082; baseline -0.003 -16"><span class='ocrx_word' id='word_1_140' title='bbox 82 2015 133 2068; x_wconf 92' lang='lat' dir='ltr'>loci</span> <span class='ocrx_word' id='word_1_141' title='bbox 158 2014 197 2068; x_wconf 94' lang='lat' dir='ltr'>sic</span> <span class='ocrx_word' id='word_1_142' title='bbox 222 2015 405 2082; x_wconf 88' lang='lat' dir='ltr'>muniebatur,</span> <span class='ocrx_word' id='word_1_143' title='bbox 430 2023 460 2067; x_wconf 93' lang='lat' dir='ltr'>ut</span> <span class='ocrx_word' id='word_1_144' title='bbox 484 2031 615 2081; x_wconf 86' lang='lat' dir='ltr'>magnam</span> <span class='ocrx_word' id='word_1_145' title='bbox 645 2016 682 2066; x_wconf 88' lang='lat' dir='ltr'>ad</span> <span class='ocrx_word' id='word_1_146' title='bbox 713 2012 869 2066; x_wconf 88' lang='lat' dir='ltr'>ducendum</span> 
     </span>
     <span class='ocr_line' id='line_1_23' title="bbox 82 2095 870 2165; baseline -0.005 -15"><span class='ocrx_word' id='word_1_147' title='bbox 82 2097 183 2150; x_wconf 91' lang='lat' dir='ltr'>bellum</span> <span class='ocrx_word' id='word_1_148' title='bbox 208 2098 285 2150; x_wconf 89' lang='lat' dir='ltr'>daret</span> <span class='ocrx_word' id='word_1_149' title='bbox 310 2096 478 2163; x_wconf 79' lang='lat' dir='ltr'>facultatem,</span> <span class='ocrx_word' id='word_1_150' title='bbox 502 2105 647 2165; x_wconf 84' lang='lat' dir='ltr'>propterea</span> <span class='ocrx_word' id='word_1_151' title='bbox 672 2095 746 2163; x_wconf 80' lang='lat' dir='ltr'>quod</span> <span class='ocrx_word' id='word_1_152' title='bbox 768 2095 870 2147; x_wconf 90' lang='lat' dir='ltr'>flumen</span> 
     </span>
     <span class='ocr_line' id='line_1_24' title="bbox 82 2178 870 2249; baseline -0.003 -17"><span class='ocrx_word' id='word_1_153' title='bbox 82 2180 180 2246; x_wconf 87' lang='lat' dir='ltr'>Dubis,</span> <span class='ocrx_word' id='word_1_154' title='bbox 199 2189 229 2232; x_wconf 88' lang='lat' dir='ltr'>ut</span> <span class='ocrx_word' id='word_1_155' title='bbox 248 2179 350 2232; x_wconf 89' lang='lat' dir='ltr'>circino</span> <span class='ocrx_word' id='word_1_156' title='bbox 370 2178 596 2247; x_wconf 90' lang='lat' dir='ltr'>circumductum,</span> <span class='ocrx_word' id='word_1_157' title='bbox 615 2195 694 2249; x_wconf 86' lang='lat' dir='ltr'>paene</span> <span class='ocrx_word' id='word_1_158' title='bbox 714 2187 803 2232; x_wconf 90' lang='lat' dir='ltr'>totum</span> <span class='ocrx_word' id='word_1_159' title='bbox 823 2194 870 2246; x_wconf 93' lang='lat' dir='ltr'>op-</span> 
     </span>
     <span class='ocr_line' id='line_1_25' title="bbox 81 2261 871 2331; baseline -0.003 -17"><span class='ocrx_word' id='word_1_160' title='bbox 81 2262 177 2331; x_wconf 90' lang='lat' dir='ltr'>pidum</span> <span class='ocrx_word' id='word_1_161' title='bbox 201 2262 301 2329; x_wconf 87' lang='lat' dir='ltr'>cingit:</span> <span class='ocrx_word' id='word_1_162' title='bbox 331 2262 467 2329; x_wconf 91' lang='lat' dir='ltr'>reliquum</span> <span class='ocrx_word' id='word_1_163' title='bbox 496 2261 625 2329; x_wconf 89' lang='lat' dir='ltr'>spatium,</span> <span class='ocrx_word' id='word_1_164' title='bbox 650 2261 723 2328; x_wconf 89' lang='lat' dir='ltr'>quod</span> <span class='ocrx_word' id='word_1_165' title='bbox 748 2270 790 2314; x_wconf 88' lang='lat' dir='ltr'>est</span> <span class='ocrx_word' id='word_1_166' title='bbox 814 2276 871 2312; x_wconf 92' lang='lat' dir='ltr'>non</span> 
     </span>
     <span class='ocr_line' id='line_1_26' title="bbox 81 2342 871 2414; baseline -0.005 -16"><span class='ocrx_word' id='word_1_167' title='bbox 81 2345 199 2414; x_wconf 75' lang='lat' dir='ltr'>amplius</span> <span class='ocrx_word' id='word_1_168' title='bbox 209 2345 312 2414; x_wconf 87' lang='lat' dir='ltr'>pedum</span> <span class='ocrx_word' id='word_1_169' title='bbox 322 2353 520 2410; x_wconf 87' lang='lat' dir='ltr'>sexcentorum,</span> <span class='ocrx_word' id='word_1_170' title='bbox 531 2343 586 2412; x_wconf 67' lang='lat' dir='ltr'>qul</span> <span class='ocrx_word' id='word_1_171' title='bbox 596 2344 697 2396; x_wconf 90' lang='lat' dir='ltr'>flumen</span> <span class='ocrx_word' id='word_1_172' title='bbox 708 2342 871 2410; x_wconf 89' lang='lat' dir='ltr'>intermittit,</span> 
     </span>
     <span class='ocr_line' id='line_1_27' title="bbox 82 2425 872 2494; baseline -0.003 -14"><span class='ocrx_word' id='word_1_173' title='bbox 82 2445 161 2482; x_wconf 91' lang='lat' dir='ltr'>mons</span> <span class='ocrx_word' id='word_1_174' title='bbox 174 2428 296 2481; x_wconf 87' lang='lat' dir='ltr'>continet</span> <span class='ocrx_word' id='word_1_175' title='bbox 309 2433 410 2494; x_wconf 78' lang='lat' dir='ltr'>magud</span> <span class='ocrx_word' id='word_1_176' title='bbox 423 2427 575 2494; x_wconf 88' lang='lat' dir='ltr'>altitudine,</span> <span class='ocrx_word' id='word_1_177' title='bbox 588 2426 627 2479; x_wconf 91' lang='lat' dir='ltr'>ita</span> <span class='ocrx_word' id='word_1_178' title='bbox 640 2437 670 2479; x_wconf 91' lang='lat' dir='ltr'>ut</span> <span class='ocrx_word' id='word_1_179' title='bbox 687 2426 794 2480; x_wconf 91' lang='lat' dir='ltr'>radices</span> <span class='ocrx_word' id='word_1_180' title='bbox 813 2425 872 2493; x_wconf 90' lang='lat' dir='ltr'>ejus</span> 
     </span>
     <span class='ocr_line' id='line_1_28' title="bbox 82 2509 870 2578; baseline -0.003 -16"><span class='ocrx_word' id='word_1_181' title='bbox 82 2512 183 2564; x_wconf 89' lang='lat' dir='ltr'>montis</span> <span class='ocrx_word' id='word_1_182' title='bbox 201 2528 235 2564; x_wconf 86' lang='lat' dir='ltr'>ex</span> <span class='ocrx_word' id='word_1_183' title='bbox 253 2516 368 2578; x_wconf 69' lang='lat' dir='ltr'>utrique</span> <span class='ocrx_word' id='word_1_184' title='bbox 386 2521 465 2577; x_wconf 88' lang='lat' dir='ltr'>parte</span> <span class='ocrx_word' id='word_1_185' title='bbox 481 2509 549 2578; x_wconf 84' lang='lat' dir='ltr'>ripae</span> <span class='ocrx_word' id='word_1_186' title='bbox 567 2509 687 2562; x_wconf 90' lang='lat' dir='ltr'>fluminis</span> <span class='ocrx_word' id='word_1_187' title='bbox 701 2509 870 2575; x_wconf 81' lang='lat' dir='ltr'>contingant</span> 
     </span>
     <span class='ocr_line' id='line_1_29' title="bbox 84 2592 871 2657; baseline -0.004 -12"><span class='ocrx_word' id='word_1_188' title='bbox 84 2594 167 2646; x_wconf 89' lang='lat' dir='ltr'>Hunc</span> <span class='ocrx_word' id='word_1_189' title='bbox 179 2611 273 2646; x_wconf 92' lang='lat' dir='ltr'>murus</span> <span class='ocrx_word' id='word_1_190' title='bbox 286 2593 472 2647; x_wconf 87' lang='lat' dir='ltr'>circumdatus</span> <span class='ocrx_word' id='word_1_191' title='bbox 491 2608 582 2646; x_wconf 89' lang='lat' dir='ltr'>arcem</span> <span class='ocrx_word' id='word_1_192' title='bbox 596 2592 678 2645; x_wconf 88' lang='lat' dir='ltr'>efficit</span> <span class='ocrx_word' id='word_1_193' title='bbox 697 2600 724 2644; x_wconf 89' lang='lat' dir='ltr'>et</span> <span class='ocrx_word' id='word_1_194' title='bbox 743 2609 806 2644; x_wconf 93' lang='lat' dir='ltr'>cum</span> <span class='ocrx_word' id='word_1_195' title='bbox 825 2606 871 2657; x_wconf 92' lang='lat' dir='ltr'>op-</span> 
     </span>
     <span class='ocr_line' id='line_1_30' title="bbox 83 2671 855 2745; baseline -0.008 -17"><span class='ocrx_word' id='word_1_196' title='bbox 83 2676 147 2745; x_wconf 88' lang='lat' dir='ltr'>pido</span> <span class='ocrx_word' id='word_1_197' title='bbox 179 2676 327 2745; x_wconf 80' lang='lat' dir='ltr'>conjungit.</span> <span class='ocrx_word' id='word_1_198' title='bbox 367 2676 431 2728; x_wconf 91' lang='lat' dir='ltr'>Huc</span> <span class='ocrx_word' id='word_1_199' title='bbox 464 2675 558 2728; x_wconf 77' lang='lat' dir='ltr'>Cacsar</span> <span class='ocrx_word' id='word_1_200' title='bbox 589 2673 697 2742; x_wconf 85' lang='lat' dir='ltr'>magnis</span> <span class='ocrx_word' id='word_1_201' title='bbox 731 2671 855 2726; x_wconf 89' lang='lat' dir='ltr'>nocturni</span> 
     </span>
    </p>
   </div>
   <div class='ocr_carea' id='block_1_3' title="bbox 0 0 976 3158">
    <p class='ocr_par' dir='ltr' id='par_1_3' title="bbox 0 0 976 3158">
     <span class='ocr_line' id='line_1_31' title="bbox 0 0 976 3158; baseline 0 0"><span class='ocrx_word' id='word_1_202' title='bbox 0 0 976 3158; x_wconf 95' lang='lat' dir='ltr'> </span> 
     </span>
    </p>
   </div>
  </div>
 </body>
</html>
