1950 3384
117 246 150 300 32
328 233 356 286 c
376 233 489 303 Jum
514 233 693 285 cAEs'Anm

118 380 250 440 praeterea
261 387 344 424 nemo
357 380 493 440 sequatur,
505 380 598 425 tamen
612 387 642 426 se
654 388 717 425 cum
730 373 790 425 sola
799 373 912 429 decima

117 454 225 522 legione
237 453 347 522 iturum,
360 454 395 507 de
408 459 463 522 qua
481 469 537 506 non
555 454 707 519 dubitaret3
726 454 834 524 sibique
845 471 911 510 eam

117 536 275 604 praetoriam
287 537 430 590 cohortem
442 536 585 590 futuram
614 536 689 590 Huic
701 537 802 604 legioni
813 539 912 593 Caesar

117 627 145 672 et
165 618 316 672 indulserat
337 617 483 687 praecipue,
507 627 536 672 et
556 628 668 688 propter
688 619 817 675 virtutem
842 638 910 675 con-

117 699 220 754 fidebat
232 698 359 753 maxime.

151 784 226 836 XLI.
248 784 311 836 Hac
336 781 459 836 oratione
482 782 585 851 habita,
610 782 711 835 mirum
735 783 763 836 in
793 785 910 840 modum

118 880 257 918 conversae
270 873 333 919 sunt
347 865 470 917 omnium
482 874 597 933 mentes,
606 881 769 935 summaque
778 866 909 922 alacritas

117 955 145 1001 et
164 947 301 1016 cupiditas
321 947 386 1000 belli
407 947 520 1014 gerendi
541 948 638 1001 innata
655 957 706 1017 est,
724 949 910 1020 princepsque

117 1028 226 1082 decima
243 1029 324 1098 legio,
336 1045 385 1097 per
402 1030 526 1083 tribunos
544 1030 671 1098 militum,
690 1031 715 1083 ei
728 1031 831 1099 gratias
843 1033 908 1101 egit,

117 1111 192 1182 qudd
205 1112 240 1166 de
252 1128 283 1165 se
295 1111 430 1182 optimum
443 1112 578 1181 judicium
597 1112 725 1179 fecisset3
744 1129 829 1183 seque
847 1131 913 1170 esse

118 1194 155 1248 ed
178 1195 282 1248 bellum
311 1194 462 1263 gerendum
492 1194 696 1262 paratissimam
726 1195 908 1250 confirmavit.

119 1276 229 1330 Deinde
247 1277 360 1346 reliquae
378 1277 508 1345 legiones,
528 1292 578 1344 per
598 1276 723 1330 tribunos
744 1277 861 1330 militum
881 1288 909 1333 et

118 1361 269 1428 primorum
282 1360 408 1412 ordinum
421 1358 603 1427 centuriones,
616 1369 737 1426 egerunt,
750 1359 790 1412 uti
803 1360 910 1415 Caesari

119 1442 326 1496 satisfacerent:
346 1442 408 1495 “Se
421 1456 510 1508 neque
522 1457 645 1509 unquam
656 1440 806 1509 dubitasse,
818 1457 910 1510 neque

119 1524 253 1592 timuisse,
278 1539 367 1593 neque
388 1523 422 1578 de
447 1530 556 1576 summa
573 1523 638 1577 belli
662 1539 742 1576 suum
764 1523 908 1594 judicium,

119 1608 170 1661 sed
181 1606 361 1675 imperatoris,
380 1622 441 1660 esse
453 1605 675 1660 existimavisse.”
710 1608 816 1660 Eorum
828 1608 909 1662 satis-

119 1689 239 1744 factione
247 1695 371 1758 accepta,
380 1697 408 1743 et
415 1689 513 1743 itinere
524 1689 660 1757 exquisito
667 1706 717 1758 per
729 1689 908 1758 Divitiacum,

119 1773 194 1843 quod
206 1790 239 1825 ex
251 1772 313 1826 aliis
325 1771 351 1826 ei
358 1771 508 1826 maximam
515 1773 599 1827 fidem
611 1773 740 1842 habebat,
749 1782 780 1827 ut
791 1773 909 1827 millium

119 1856 238 1925 amplius
246 1854 446 1925 quinquaginta
454 1855 641 1909 circuitulocis
649 1855 751 1923 apertis
759 1856 908 1910 exercitum

120 1939 241 2005 duceret,
259 1938 295 1991 de
313 1943 412 2006 quarta
428 1936 529 2005 vigilia,
541 1946 572 1991 ut
583 1936 696 2006 dixerat,
706 1938 843 2008 profectus
856 1947 907 1992 est.

120 2020 245 2091 Septimo
263 2019 316 2087 die,
338 2035 424 2088 quum
445 2019 496 2072 iter
514 2035 569 2071 non
588 2018 787 2089 intermitteret,
806 2020 842 2073 ab
862 2037 908 2073 ex·

119 2102 303 2173 ploratoribus
327 2102 428 2157 certior
451 2101 540 2155 lactus
558 2110 608 2169 est,
627 2101 757 2156 Ariovisti
776 2103 871 2171 copias
889 2120 908 2157 a

119 2186 220 2240 nostris
233 2185 354 2239 millibus
366 2200 498 2253 passuum
511 2192 627 2252 quatuor
639 2191 667 2237 et
678 2183 774 2253 vigimi
787 2185 892 2240 abesse.

154 2269 246 2322 XLII.
261 2268 380 2336 Cognito
387 2264 907 2334 Caesarisadventu,Ariovistuslegatos

120 2351 157 2404 ad
179 2366 243 2404 eum
265 2349 364 2403 mittit:
383 2348 490 2416 “Quod
503 2354 584 2401 antea
602 2349 637 2402 de
649 2348 785 2417 colloquio
804 2351 906 2418 postul-

120 2432 202 2501 asset,
218 2432 247 2485 id
265 2447 314 2499 per
326 2447 356 2485 se
369 2429 427 2483 fieri
439 2429 528 2495 licere,
541 2429 671 2498 quoniam
690 2431 801 2499 propius
814 2447 906 2484 acces-

120 2514 216 2567 sisset:
242 2528 326 2581 seque
347 2511 376 2565 id
397 2510 456 2564 sine
481 2509 602 2579 periculo
621 2510 712 2565 facere
734 2527 817 2580 posse
837 2509 906 2563 exis·

118 2596 238 2650 timare.’'
272 2587 302 2648 'N
305 2611 341 2648 on
353 2592 456 2662 respuit
468 2592 655 2648 conditionem
668 2595 779 2648 Caesar:
792 2593 906 2663 jamque

118 2695 181 2732 eum
200 2679 237 2732 ad
257 2677 404 2731 sanitatem
425 2676 524 2730 reverti
544 2677 735 2745 arbitrabatur,
759 2691 844 2746 quum
868 2676 905 2744 id,

118 2762 192 2830 quod
211 2769 292 2814 antea
312 2758 416 2842 petenti
437 2759 608 2829 denegesset,
626 2761 697 2814 ultro
719 2758 905 2827 polliceretur;
