1936 3158
129 246 162 286 η
318 233 368 318 ¹c.
388 233 504 303 Juarr
525 233 711 288 CAEsaars

127 388 184 425 non
207 374 327 442 amplius
352 374 444 444 quinIs
468 382 516 428 aut
540 374 614 428 senis
638 373 759 427 millibus
784 388 918 442 passuun.

128 456 280 511 Interesset.
893 473 895 478 ·

161 540 239 594 XVI.
260 539 375 594 Interim
385 539 507 609 quotidie
518 539 614 593 Caesar
622 539 730 593 AEduos
742 538 919 607 frumentum,

128 622 202 690 quod
214 631 307 677 essent
319 623 429 692 publice
441 622 563 692 polliciti,
576 621 718 691 flagitare:
729 637 795 674 nam
807 630 919 691 propter

127 704 236 773 frigora,
258 705 333 774 quod
355 706 447 759 Gallia
468 707 519 760 sub
541 704 781 774 septentrionibus,
802 714 833 759 ut
853 714 919 759 ante

128 786 232 840 dictum
245 797 295 858 est,
308 789 398 856 posita
415 796 465 856 est,
477 805 533 842 non
551 787 636 842 modo
654 787 792 842 frumenta
803 787 833 840 in
844 788 918 855 agris

124 871 235 923 'matura
244 869 300 923 non
309 880 395 940 erant,
404 872 497 925 sedne
507 870 601 940 pabuli
610 871 723 941 quidem
736 871 803 925 satis
815 886 919 939 magna

128 951 209 1019 copia
221 954 401 1021 suppetebat:
413 969 447 1008 eo
459 962 552 1008 autem
563 954 709 1022 frumento,
718 955 794 1024 quod
805 953 919 1007 flumine

127 1035 214 1088 Arare
240 1036 359 1090 navibus
388 1038 558 1104 subvexerat,
588 1046 734 1107 propterea
759 1037 799 1090 uti
826 1036 918 1090 minirs

127 1126 242 1188 poterat,
259 1119 334 1189 qudd
352 1120 404 1174 iter
421 1121 458 1174 ab
476 1122 563 1174 Arare
583 1121 704 1174 Helvetii
721 1129 884 1188 averterant,
900 1135 929 1178 a.

128 1202 228 1270 quibus
253 1202 395 1258 discedere
418 1204 537 1258 nolebat
583 1203 667 1257 Diem
690 1219 725 1257 ex
748 1203 794 1258 die
818 1203 919 1257 ducere

127 1284 228 1348 AEdui;
243 1285 370 1354 conferri,
383 1286 556 1356 comportari,
569 1286 667 1340 adesse
680 1285 778 1340 dicere.
817 1285 875 1340 Ubi
887 1300 918 1338 se

128 1365 230 1420 diutius
254 1367 319 1421 duci
344 1368 485 1436 intellexit,
507 1378 534 1422 et
558 1367 633 1421 diem
656 1367 768 1434 instare,
793 1384 848 1436 quo
872 1366 918 1420 die

127 1448 294 1503 frumentum
314 1450 448 1504 militibus
468 1450 559 1504 metiri
581 1458 733 1519 oporteret3
758 1449 918 1503 convocatis

128 1547 222 1584 eorum
249 1532 428 1602 principibus,
454 1549 571 1602 quorum
597 1548 729 1599 magnam
753 1531 864 1600 copiam
888 1532 918 1585 in

128 1614 225 1667 castris
234 1615 364 1684 habebat,
374 1616 403 1669 in
411 1616 456 1669 his
467 1615 607 1670 Diuitiaco
616 1625 643 1668 et
652 1614 741 1681 Lisco,
752 1614 798 1683 qui
808 1630 917 1667 summo

127 1697 288 1765 magistratu
307 1707 542 1768 praeerat-quem
557 1698 758 1767 Vergobretum
776 1697 918 1766 appellant

128 1779 221 1848 AEdui,
235 1781 282 1850 qui
295 1790 403 1835 creatur
420 1797 536 1849 annuus,
550 1789 577 1836 et
588 1780 654 1834 vitae
667 1780 799 1849 necisque
811 1779 839 1832 in
852 1795 917 1833 suos

127 1863 211 1917 habet
220 1865 542 1933 potestatem-graviter
550 1880 598 1918 eos
608 1873 729 1932 accusat,
739 1863 823 1933 quod,
832 1879 918 1933 quum

127 1963 216 2015 neque
229 1946 292 2013 emi,
304 1961 394 2015 neque
405 1962 439 2000 ex
451 1947 525 2014 agris
537 1947 608 1999 sumi
621 1955 724 2015 posset,
737 1956 795 1999 tarn
808 1960 917 2000 necess·

127 2029 185 2081 ario
202 2036 405 2095 temporetam
423 2027 583 2097 propinquis
603 2027 739 2096 hostibus,
755 2030 791 2081 ab
810 2029 843 2081 iis
861 2043 918 2080 non

127 2112 283 2164 sublevetur
289 2129 297 2175 ;
314 2111 467 2178 praesertim
479 2127 565 2179 quum
576 2117 678 2179 magna
688 2126 722 2165 ex
732 2119 810 2179 parte
822 2126 918 2164 eorum

126 2194 253 2262 precibus
272 2193 409 2247 adductus
427 2194 530 2247 bellum
548 2193 714 2262 susceperit:
732 2195 819 2248 multo
834 2194 918 2248 etiam

126 2275 245 2344 graviiu,
258 2274 333 2345 quod
345 2275 381 2330 sit
394 2274 548 2344 destitutus,
561 2275 688 2344 queritur.

161 2360 255 2413 XVII.
278 2361 352 2412 Tum
379 2359 491 2413 demum
519 2359 622 2426 Liscus,
649 2358 773 2413 oratione
799 2359 918 2414 Caesaris

127 2442 272 2508 adductus,
295 2442 371 2511 quod
391 2451 475 2496 antea
496 2451 628 2509 tacuerat,
649 2443 794 2512 proponit:
820 2444 919 2497 “Esse

127 2527 283 2594 nonnullos,
303 2542 419 2594 quorum
441 2526 589 2580 auctoritas
611 2526 686 2594 apud
707 2528 818 2595 plebem
835 2527 918 2595 pluri·

127 2624 204 2660 mum
225 2609 328 2673 valeat;
353 2611 400 2679 qui
422 2610 521 2680 privati
543 2611 603 2678 plus
625 2610 741 2680 possint,
761 2610 844 2679 quam
865 2609 904 2677 ips

127 2690 312 2757 magistratus.
352 2695 413 2746 Hos
423 2693 555 2747 seditiosa
564 2702 647 2762 atque
656 2693 783 2761 improba
796 2693 886 2746 oratio·

127 2772 331 2827 multitudinem
353 2775 497 2842 deterrere,
519 2791 554 2829 ne
575 2775 743 2828 trumentum
768 2774 870 2829 confer:
