1950 3384
103 227 135 283 η
311 217 340 271 c.
360 215 477 287 ww
499 216 684 272 cAEsAnrs

101 354 237 409 Helvetiis
261 371 375 409 uxorem
398 356 521 412 habere:
545 373 668 411 sororem
692 372 727 412 ex
752 367 841 413 matre
863 368 891 413 et

99 437 268 508 propinquas
296 454 361 492 suas
389 447 507 508 nuptum
531 439 560 492 in
583 439 654 494 alias
681 440 807 495 civitates
836 442 890 495 col·

99 519 224 575 locasse:
249 521 341 576 favere
364 530 392 575 et
414 538 514 590 cupere
536 522 673 576 Helvetiis
695 532 807 592 propter
828 540 890 577 eam

98 605 278 659 affinitatem:
296 605 389 659 odisse
406 605 490 659 etiam
509 621 559 658 suo
577 605 690 660 nomine
705 606 845 659 Caesarem
863 616 891 660 et

99 687 249 756 Romanos,
269 687 343 757 quod
364 703 459 741 eorum
480 686 600 741 adventu
622 688 746 756 potentia
766 688 825 757 ejus
844 689 889 742 de·

97 769 212 837 minuta,
234 778 261 823 et
286 769 441 824 Divitiacus
465 769 548 824 frater
572 769 601 822 in
626 769 772 838 antiquum
798 770 890 824 locum

97 852 194 921 gratiae
206 860 289 922 atque
301 852 415 905 honoris
428 851 464 905 sit
477 851 625 905 restitutus.
658 851 688 904 Si
701 852 768 920 quid
781 853 890 907 accidat

98 935 241 1002 Romanis,
266 950 405 988 summam
426 933 455 987 in
477 949 556 1001 spem
576 948 626 1001 per
648 934 792 988 Helvetios
812 936 889 1003 regni

97 1016 240 1071 obtinendi
249 1017 343 1072 venire
347 1036 355 1082 ;
370 1015 488 1086 imperio
499 1015 597 1085 Populi
607 1016 728 1069 Romani
739 1033 796 1070 non
805 1018 889 1071 modo

96 1100 132 1155 de
152 1116 247 1169 regno,
266 1100 316 1154 sed
338 1099 423 1154 etiam
444 1098 480 1153 de
500 1103 542 1166 ea,
561 1113 647 1168 quam
667 1097 779 1168 habeat,
800 1101 889 1169 gratia

96 1184 266 1256 desperare'’
303 1183 470 1253 Reperiebat
491 1182 576 1236 etiam
599 1182 764 1252 inquirendo
787 1186 889 1254 Caesar,

97 1268 198 1337 “quod
221 1267 351 1337 proelium
375 1275 502 1337 equestre
528 1266 676 1320 adversum
703 1267 799 1336 paucis
823 1278 889 1323 ante

96 1348 194 1403 diebus
215 1359 289 1403 esset
310 1349 423 1416 iactum,
441 1346 551 1401 initium
571 1347 631 1416 ejus
651 1347 725 1417 fugae
745 1349 850 1404 iactum
871 1366 888 1404 a

97 1431 270 1500 Dumnorige
290 1439 373 1500 atque
394 1431 453 1499 ejus
474 1429 612 1498 equitibus
620 1430 736 1484 ”-nam
756 1432 887 1501 equitatu,

95 1530 179 1584 quem
202 1513 304 1568 auxilio
329 1512 434 1567 Caesari
457 1511 543 1565 AEdui
567 1513 706 1581 miserant,
733 1516 888 1570 Dumnorix

94 1598 369 1667 praeerat-“eorum
395 1593 462 1663 fuga
488 1594 623 1664 reliquum
648 1603 721 1649 esset
734 1596 887 1664 equitatum

94 1679 291 1750 perterritum”

129 1764 208 1818 XIX.
229 1762 337 1832 Quibus
362 1762 444 1818 rebus
468 1759 595 1829 cognitis,
612 1776 698 1830 quum
715 1761 752 1814 ad
770 1761 822 1814 has
841 1778 885 1816 su·

94 1836 231 1914 spiciones
244 1845 406 1900 certissimae
419 1860 462 1899 res
475 1844 646 1911 accederent,
659 1843 734 1913 quod
750 1860 799 1914 per
816 1845 885 1901 fines

94 1928 284 1997 Sequanorum
299 1927 443 1981 Helvetios
459 1925 667 1993 transduxisset,
680 1926 755 1995 quod
773 1926 885 1982 obsides

91 2009 163 2063 inter
175 2026 223 2064 eos
236 2009 344 2063 dandos
357 2009 488 2076 curasset,
498 2007 572 2076 quod
583 2024 616 2061 ea
626 2009 719 2061 omnia
731 2026 788 2061 non
800 2010 884 2063 modo

91 2093 197 2160 injussu
210 2109 260 2146 suo
273 2100 300 2145 et
314 2090 440 2157 civitatis,
453 2089 600 2143 sedetiam
617 2089 797 2143 inscientibus
815 2090 884 2158 ipsis

90 2174 209 2243 iecisset,
223 2174 298 2244 quod
310 2190 328 2227 a
340 2173 504 2241 magistratu
518 2172 674 2225 AEduorum
691 2182 883 2229 accusaretur:

90 2257 157 2311 satis
180 2273 242 2312 esse
263 2272 356 2311 causae
376 2255 570 2321 arbitrabatur,
593 2270 678 2322 quare
700 2253 729 2306 in
750 2270 814 2308 eum
835 2264 883 2310 aut

89 2340 149 2408 ipse
174 2339 412 2407 animadverteret,
430 2346 477 2391 aut
498 2336 638 2391 civitatem
663 2336 883 2393 animadvertere

87 2422 201 2492 juberet
230 2422 285 2476 His
294 2421 422 2476 omnibus
432 2420 514 2474 rebus
523 2434 609 2472 unum
619 2420 798 2487 repugnabat,
807 2419 882 2488 quod

90 2505 221 2560 Divitiaci
242 2505 333 2559 fratris
356 2519 496 2558 summum
518 2502 546 2555 in
567 2501 703 2570 Populum
722 2503 880 2556 Romanum

87 2587 216 2654 studium,
248 2604 387 2641 summam
417 2587 446 2640 in
474 2602 503 2640 se
530 2585 709 2652 voluntatem,
740 2583 880 2652 egregiam

87 2666 179 2736 fidem,
198 2670 341 2736 justitiam,
365 2667 577 2737 temperantiam
600 2674 784 2735 cognoverat:
804 2681 879 2735 nam,

86 2765 121 2804 ne
148 2751 206 2819 ejus
237 2751 372 2821 supplicio
404 2749 535 2805 Divitiaci
566 2749 690 2802 animum
721 2746 878 2818 offenderet,

284 3062 521 3194 Λ
