1950 3384
202 219 260 270 DE
283 216 417 271 BELLO
443 216 625 284 GALLICO,
644 216 760 270 LIB.I.
838 231 872 283 23

87 356 179 422 pulsos
193 355 341 424 accepisse,
361 372 472 409 omnem
490 355 671 424 nobilitatem,
684 371 796 408 omnem
812 369 873 408 sen·

85 447 169 503 atum,
183 453 294 490 omnem
306 436 459 505 equitatum
476 438 611 494 amisisse.
649 437 755 506 Quibus
768 436 872 505 proeliis

85 518 343 588 calamitatibusque
373 519 482 587 fractos,
507 521 555 589 qui
585 529 611 573 et
642 525 692 573 sua
721 519 821 573 virtute
845 529 872 572 et

86 601 184 669 Populi
207 600 327 654 Romani
347 601 467 670 hospitio
484 611 567 670 atque
586 601 707 655 amicitia
724 600 872 669 plurimiun

84 681 149 735 ante
168 682 197 735 in
220 681 311 735 Gallia
331 683 495 752 potuissent,
516 693 628 737 coactos
650 699 711 737 esse
736 683 872 751 Sequanis

84 764 195 818 obsides
208 765 281 831 dare,
300 765 488 821 nobilissimos
507 765 634 832 civitatis,
652 774 679 820 et
694 764 872 834 jurejurando

84 846 223 900 civitatem
231 846 408 914 obstringere,
417 863 574 917 seseneque
583 847 694 901 obsides
702 848 869 916 repetituros,

84 944 172 997 neque
196 929 326 982 auxilium
349 945 367 981 a
391 931 497 998 Populo
523 932 650 983 Romano
672 929 872 1003 imploraturos,

84 1026 173 1080 neque
184 1020 365 1078 recusaturos,
378 1012 525 1080 quominus
544 1011 676 1080 perpetuo
694 1013 746 1066 sub
764 1012 871 1064 illorum

84 1093 188 1147 ditione
208 1103 291 1162 atque
313 1093 429 1161 imperio
450 1103 550 1147 essent.
589 1095 684 1147 Unum
706 1110 736 1146 se
757 1109 819 1147 esse
840 1110 872 1146 ex

84 1175 159 1227 omni
178 1175 288 1228 civitate
305 1175 468 1241 AEduomm‚
487 1174 533 1243 qui
552 1174 653 1227 adduci
672 1191 728 1227 non
745 1174 871 1243 potuerit,

84 1264 114 1310 ut
122 1257 234 1324 juraret,
246 1256 406 1322 autxliberos
419 1273 483 1309 suos
496 1256 608 1309 obsides
627 1255 713 1309 daret.
751 1256 797 1309 Ob
809 1271 871 1310 eam

84 1354 142 1392 rem
155 1355 185 1392 se
197 1354 231 1392 ex
240 1337 351 1392 civitate
360 1338 522 1407 profugisse,
532 1348 559 1392 et
568 1339 688 1390 Romam
699 1338 735 1391 ad
745 1347 871 1391 senatum

84 1419 200 1487 venisse,
224 1419 354 1473 auxilium
378 1420 555 1488 postulatum,
580 1419 654 1488 quod
679 1421 753 1473 solus
782 1435 871 1489 neque

82 1502 257 1572 jurejurando
270 1517 360 1571 neque
371 1502 514 1556 obsidibus
535 1511 678 1557 teneretur.
716 1502 773 1556 Sed
794 1503 871 1571 pejus

84 1585 232 1640 victoribus
251 1585 396 1654 Sequanis,
408 1601 492 1654 quam
504 1585 604 1638 AEduis
620 1585 709 1652 victiS,
722 1585 871 1638 accidisse:

84 1678 229 1737 propterea
252 1667 327 1737 quod
350 1667 512 1734 Ariovistus,
537 1683 584 1721 rex
609 1667 818 1733 Germanorum,
843 1666 872 1718 in

84 1765 179 1804 eorum
198 1749 298 1804 finibus
316 1749 495 1816 consedisset,
514 1749 678 1817 tertiamque
695 1757 802 1816 partem
814 1748 872 1815 agri

85 1833 215 1901 Sequani,
234 1832 372 1900 quiesset
391 1831 511 1899 optimus
536 1830 620 1884 totius
642 1830 748 1897 Galliae,
773 1847 872 1897 occup·

84 1915 195 1982 auisset,
219 1924 246 1967 et
270 1930 344 1968 nunc
368 1913 404 1968 de
423 1913 509 1966 altera
529 1922 607 1982 parte
627 1912 708 1967 tertia
729 1913 872 1981 Sequanos

84 1995 217 2050 decedere
227 1996 349 2064 juberet3
367 1991 512 2065 propterea
524 1995 607 2064 quod,
619 1995 715 2064 paucis
732 1995 872 2049 mensibus

85 2088 157 2146 ante,
171 2078 318 2132 Harudum
335 2078 422 2131 millia
439 2077 583 2131 hominum
594 2078 691 2146 viginti
707 2087 824 2146 quatuor
836 2077 873 2130 ad

84 2176 148 2214 eum
166 2160 314 2228 venissent,
335 2160 435 2229 quibus
456 2161 532 2214 locus
552 2175 586 2214 ac
605 2160 685 2214 sedes
704 2169 871 2226 pararentur.

86 2243 219 2297 Futurum
239 2259 300 2296 esse
320 2242 416 2312 paucis
435 2242 523 2309 annis,
545 2241 585 2295 uti
605 2257 700 2295 omnes
722 2259 755 2295 ex
775 2241 873 2295 Galliae

85 2324 186 2378 finibus
204 2325 375 2394 pellerentur,
386 2334 470 2393 atque
488 2340 584 2378 omnes
598 2323 731 2378 Germani
744 2324 873 2377 Rhenum

86 2407 249 2460 transirent:
266 2423 355 2475 neque
367 2406 441 2460 enim
453 2406 649 2460 conferendum
661 2423 722 2460 esse
737 2406 873 2458 Gallicum

86 2505 149 2543 cum
163 2489 364 2541 Gennanorum
377 2505 451 2556 agro,
463 2504 552 2556 neque
561 2489 634 2541 hanc
646 2487 873 2541 consuetudinem

86 2572 174 2626 victus
182 2588 246 2625 cum
256 2571 303 2624 illa
314 2570 539 2638 comparandam.
558 2571 727 2624 Ariovistum
735 2579 836 2638 autem,
844 2579 873 2624 ut

85 2655 170 2712 semel
190 2654 332 2707 Gallorum
345 2653 439 2721 copias
458 2653 555 2721 proelio
572 2653 777 2721 vicerit-quod
789 2654 873 2722 proel-

87 2736 143 2791 ium
155 2736 259 2792 iactum
271 2736 306 2790 sit
319 2736 356 2790 ad
375 2735 731 2806 Magetobriam-superbe
749 2744 777 2791 et
795 2735 872 2790 crud-
