1950 3384
141 238 158 292 o
353 239 381 294 c.
401 239 515 310 Jurn
538 239 722 295 CAESARIS

141 378 294 448 principem
302 379 395 433 locum
403 380 574 449 obtinebant,
584 381 631 450 qui
639 379 793 448 dicerent,“
801 379 860 433 Sibi
868 394 930 434 esse

140 462 169 514 in
187 462 288 529 animo,
309 463 369 517 sine
389 463 445 516 ullo
466 463 602 516 maleficio
620 464 672 517 iter
690 479 740 532 per
756 462 930 516 Provinciam

140 544 237 612 facere,
251 555 397 614 propterea
408 545 483 615 qudd
501 546 576 599 aliud
588 546 640 599 iter
658 547 792 599 haberent
804 545 910 598 nullum
924 562 930 598 :

140 644 245 696 rogare,
276 637 306 681 ut
336 629 395 697 ejus
419 629 560 682 voluntate
584 628 613 681 id
637 628 690 682 sibi
712 627 802 682 facere
825 627 931 681 liceat!

142 711 245 777 Caesar,
265 710 340 778 qubd
361 711 496 764 memoria
519 712 639 779 tenebat,
661 711 776 764 Lucium
801 710 930 763 Cassium

143 792 292 846 Consulem
305 792 436 861 occisum,
450 794 654 862 exercitumque
665 794 725 862 ejus
743 795 779 847 ab
794 793 930 847 Helvetiis

140 876 250 943 pulsum
263 884 291 929 et
312 877 364 930 sub
378 877 476 945 jugum
496 876 622 944 missum,
643 877 853 931 concedendum
873 892 931 930 non

140 959 275 1025 putabat:
308 974 397 1027 neque
426 959 553 1013 homines
588 959 701 1013 inimico
731 958 833 1028 animo,
864 960 931 1013 data

141 1040 271 1094 facultate
292 1056 342 1110 per
363 1041 538 1095 Provinciam
550 1042 655 1096 itineris
667 1041 797 1110 sacirudi,
812 1052 930 1111 temper·

141 1132 235 1177 aturos
248 1124 284 1178 ab
297 1123 396 1193 injuria
406 1133 434 1178 et
446 1125 582 1178 maleficio
595 1125 777 1180 existimabat
812 1129 930 1196 Tamen,

141 1215 171 1260 ut
194 1207 314 1275 spatium
334 1206 504 1261 intercedere
523 1217 626 1277 posset,
645 1208 712 1260 dum
732 1208 842 1277 milites,
861 1225 930 1278 quos
955 1237 957 1240 >

102 1329 107 1336 .
141 1288 331 1357 imperaverat,
345 1290 531 1360 convenirent,
544 1290 642 1359 legatis
661 1291 811 1360 respondit,
826 1292 930 1346 “diem

142 1386 172 1423 se
191 1370 227 1423 ad
245 1370 454 1443 deliberandum
475 1381 671 1440 sumpturum3
688 1373 712 1426 si
733 1373 800 1443 quid
821 1374 929 1441 vellent,

142 1460 207 1506 ante
218 1451 293 1506 diem
306 1453 374 1507 Idus
386 1454 496 1524 Apriles
509 1455 732 1510 reverterentur.'’

176 1535 259 1589 VIII.
280 1537 389 1590 Interea
401 1543 435 1592 ea
452 1536 568 1605 legione,
581 1554 666 1607 quam
687 1553 782 1592 secum
800 1538 930 1607 habebat,

143 1617 337 1687 militibusque,
351 1619 398 1689 qui
411 1636 444 1674 ex
464 1619 611 1674 Provincia
632 1629 826 1690 convenerant,
839 1637 857 1674 a
868 1621 931 1674 lacu

144 1703 294 1772 Lemanno,
319 1702 366 1772 qui
389 1702 419 1758 in
442 1702 546 1758 flumen
578 1702 746 1757 Rhodanum
771 1703 869 1771 influit,
894 1703 931 1757 ad

143 1793 266 1837 montem
284 1786 388 1854 Juram,
404 1785 452 1856 qui
470 1786 539 1841 fines
558 1786 749 1857 Sequanorum
770 1787 807 1840 ab
829 1786 930 1840 Helve-
950 1791 952 1795 ’

143 1865 189 1919 tiis
207 1867 314 1934 dividit,
332 1869 419 1923 millia
431 1885 564 1938 passuum
583 1869 680 1922 decem
699 1884 800 1923 novem
812 1885 931 1938 murum,

143 1948 171 2000 in
184 1948 357 2003 altitudinem
369 1950 472 2018 pedum
484 1951 613 2018 sedecim,
627 1950 786 2021 fossamque
797 1952 931 2021 perducit.

144 2031 188 2083 Eo
201 2048 283 2099 opere
296 2031 425 2101 perfecto,
437 2032 568 2100 praesidia
586 2031 716 2101 disponit,
729 2034 845 2086 castella
857 2051 932 2089 com·

144 2114 240 2180 munit,
253 2113 308 2181 qub
320 2112 437 2181 faciliirs,
450 2113 474 2166 si
486 2130 517 2168 se
528 2114 616 2167 invito
628 2114 746 2168 transire
757 2126 931 2186 conarentur,

144 2196 288 2265 prohibere
306 2195 401 2265 possit
439 2196 498 2251 Ubi
509 2211 544 2250 ea
561 2195 630 2264 dies,
648 2211 732 2264 quam
753 2198 932 2251 constituerat

145 2295 207 2333 cum
231 2279 338 2346 legatis,
358 2279 441 2347 venit,
464 2287 492 2333 et
514 2279 598 2346 legati
618 2278 655 2331 ad
674 2293 739 2331 eum
755 2287 932 2346 reverterunt,

144 2371 235 2431 negat,
249 2363 264 2392 ‘⁴
279 2362 316 2416 Se
328 2376 405 2415 more
417 2368 444 2414 et
462 2360 587 2428 exemplo
601 2360 699 2429 Populi
719 2360 838 2414 Romani
850 2376 933 2429 posse

145 2445 195 2500 iter
218 2444 266 2498 ulli
287 2461 336 2515 per
357 2443 531 2497 Provinciam
550 2443 616 2497 dare
627 2463 635 2509 ;
663 2452 698 2512 et,
720 2443 744 2497 si
765 2443 821 2497 vim
842 2442 933 2497 lacere

145 2538 285 2596 conentur,
297 2527 497 2597 prohibiturum
510 2526 653 2581 ostendit.”
690 2526 819 2594 Helvetii,
837 2533 872 2580 ea
884 2542 933 2595 spe

145 2609 253 2677 dejecti,
283 2611 400 2665 navibus
426 2610 531 2681 junctis
558 2609 718 2680 ratibusque
746 2609 933 2678 compluribus

145 2691 233 2759 factis,
258 2692 305 2745 alii
329 2693 408 2746 vadis
433 2692 572 2762 Rhodani,
597 2692 652 2763 qua
676 2692 792 2744 minima
816 2691 933 2746 altitudo

146 2773 266 2827 fluminis
279 2782 346 2842 erat,
358 2790 557 2845 nonnunquam
576 2774 703 2842 interdiu,
723 2775 825 2844 saepius
840 2783 933 2842 noctu,

41 3162 316 3189 ..Qffln
339 3062 618 3190 Α
652 3166 674 3189 2
700 3176 705 3181 .
