1950 3384
184 206 244 259 nn
266 207 401 261 aaran
426 202 606 274 carasco
625 202 744 261 arar.
824 218 856 274 ις

72 344 269 415 crudelitatem,
293 346 368 400 velut
393 346 416 400 si
441 362 536 399 coram
560 346 678 413 adesset,
703 346 860 402 horrerent:

71 436 215 497 propterea
224 428 299 497 qubd
308 428 419 498 reliquis
427 427 724 495 tamenfugaefacultas
733 427 856 493 daretur;

72 511 207 580 Sequanis
219 527 292 579 vero,
311 510 358 579 qui
376 510 449 564 intra
466 510 534 564 fines
553 526 618 563 suos
636 510 806 564 Ariovistum
818 527 858 564 re·

70 593 216 662 cepissent,
229 609 346 662 quorum
364 593 467 662 oppida
485 593 579 646 omnia
597 593 626 645 in
644 600 782 662 potestate
800 593 859 662 ejus

71 684 172 742 essent,
185 691 282 729 omnes
295 674 431 729 cruciatus
445 684 538 729 essent
550 673 728 743 perferendi.''

104 759 243 811 XXXIII.
264 756 318 810 His
338 758 420 811 rebus
445 757 570 825 cognitis,
597 757 691 810 Caesar
716 758 858 811 Gallorum

69 840 178 893 animos
201 839 292 894 verbis
312 839 492 908 confirmavit,
512 839 705 908 pollicitusque
730 848 780 907 est,
805 839 858 892 sibi

70 939 132 976 eam
144 939 202 976 rem
220 938 294 977 curae
311 922 446 977 suturam:
464 938 596 990 magnam
612 938 643 976 se
656 922 758 976 habere
770 937 858 991 spem,

69 1013 97 1057 et
111 1004 246 1058 beneficio
256 1020 306 1058 suo
316 1013 343 1058 et
353 1003 515 1058 auctoritate
524 1003 675 1066 adductum
688 1004 857 1058 Ariovistum

69 1085 153 1140 finem
166 1085 271 1155 injuriis
283 1086 427 1140 facturum
465 1087 529 1139 Hac
542 1085 665 1140 oratione
676 1086 780 1154 habita,
792 1102 858 1139 con-

70 1168 163 1222 cilium
176 1169 280 1222 dimisit
287 1187 295 1235 ;
314 1178 341 1222 et
353 1168 506 1222 secundum
519 1184 552 1222 ea
561 1168 656 1222 multae
668 1183 711 1222 res
722 1185 786 1222 eum
795 1168 857 1222 hor·

69 1250 207 1319 tabantur,
220 1265 306 1319 quare
319 1249 372 1303 sibi
384 1265 447 1304 eam
459 1265 518 1304 rem
529 1249 707 1318 cogitandam
714 1259 742 1304 et
752 1251 856 1320 suscip-

68 1331 180 1386 iendam
205 1340 325 1400 putaret;
352 1331 381 1385 in
398 1331 495 1400 primis
519 1331 595 1401 qubd
617 1331 735 1400 AEduos,
759 1332 856 1387 fratres

68 1414 342 1484 consanguineosque
361 1430 550 1484 saepenumero
574 1414 611 1468 ab
637 1415 740 1469 Senatu
763 1416 856 1485 appel·

67 1497 146 1565 latos,
160 1497 189 1550 in
201 1497 331 1552 servitute
343 1506 426 1566 atque
437 1497 466 1550 in
479 1497 584 1551 ditione
596 1496 708 1551 videbat
722 1498 855 1552 German-

68 1594 146 1632 orum
155 1578 406 1649 teneri,eorumque
415 1578 526 1634 obsides
535 1595 597 1634 esse
605 1579 856 1649 apudAriovisturn

68 1677 102 1715 ac
121 1662 266 1730 Sequanos
286 1661 471 1729 intelligebat:
496 1661 571 1730 quod
590 1661 619 1714 in
643 1669 721 1715 tanto
740 1660 856 1730 imperio

68 1742 166 1812 Populi
179 1742 299 1797 Romani
311 1743 500 1811 turpissimum
513 1741 606 1796 sibiet
624 1741 782 1810 reipublicae
794 1757 856 1797 esse

67 1826 260 1881 arbitrabatur.
297 1825 435 1879 Paulatim
443 1834 536 1878 autem
548 1825 702 1878 Germanos
711 1839 855 1893 consuesc-

68 1919 112 1961 ere
123 1907 252 1962 Rhenum
264 1906 389 1974 transire,
402 1916 430 1961 et
443 1906 471 1959 in
486 1906 605 1960 Galliam
617 1922 748 1975 magnam
760 1923 855 1961 eorum

67 1990 271 2044 multitudinem
288 1989 390 2059 venire,
405 1989 510 2059 Populo
530 1991 659 2043 Romano
671 1989 856 2059 periculosum

67 2073 195 2128 videbat:
212 2088 303 2142 neque
315 2072 368 2126 sibi
378 2072 505 2126 homines
512 2071 584 2126 leros
597 2089 630 2126 ac
642 2073 775 2126 barbaros
787 2081 855 2126 tem·

66 2166 209 2225 peraturos
222 2155 405 2223 existimabat,
420 2154 495 2224 quin,
508 2170 593 2223 quum
610 2170 722 2208 omnem
736 2154 855 2208 Galliam

66 2239 257 2308 occupassent,
270 2248 300 2291 ut
318 2237 383 2292 ante
402 2237 507 2291 Cimbri
526 2237 700 2305 Teutonique
716 2236 854 2305 iecissent,

65 2320 100 2374 inv
113 2321 288 2375 Provinciam
306 2321 417 2388 exirent,
435 2329 518 2388 atque
536 2319 601 2372 inde
619 2319 647 2372 in
667 2319 778 2373 ltaliam
790 2335 854 2373 con-

65 2404 223 2468 tenderent3
242 2403 395 2471 praesertim
413 2419 497 2471 quum
517 2403 661 2471 Sequanos
680 2399 855 2453 aProvincia
919 2452 920 2455 ,

66 2491 160 2538 nostra
182 2485 334 2537 Rhodanus
359 2484 499 2538 divideret.
538 2483 645 2552 Quibus
665 2483 747 2536 rebus
771 2482 855 2551 quarn

65 2568 225 2622 maturrime
262 2566 460 2620 occurrendum
498 2567 620 2633 putabat
668 2567 732 2634 lpse
762 2573 855 2618 autem

65 2651 219 2705 Ariovistus
232 2657 324 2702 tantos
340 2647 393 2700 sibi
412 2647 531 2715 spiritus,
544 2655 650 2700 tantam
669 2647 852 2716 arrogantiam

66 2742 228 2801 sumpserat,
241 2740 270 2784 ut
283 2730 410 2782 serendus
424 2746 478 2781 non
492 2729 634 2783 videretur.
