1950 3384
92 247 110 299 4
305 233 333 287 e.
352 233 470 303 Jurrr
491 228 675 288 cAEsxxrs
747 213 749 216 ’

129 374 177 427 lv.
197 374 242 426 Ea
253 388 297 428 res
309 381 340 427 ut
357 382 400 428 est
419 374 555 428 Helvetiis
574 391 623 443 per
639 374 774 428 indicium
796 389 880 427 enun-

75 483 77 487 ·
92 456 169 523 tiata,
182 455 305 510 moribus
318 455 375 510 suis
390 456 582 524 Orgetorigem
594 472 628 511 ex
640 455 757 510 vinculis
769 472 883 509 causam

92 541 184 596 dicere
196 544 344 608 coe’gemnt
358 559 364 595 :
383 541 546 595 damnatum
557 557 672 609 poenam
685 539 763 609 sequi
776 548 883 608 oporte·

92 624 148 694 bat,
173 632 204 678 ut
224 624 282 692 igni
306 632 480 678 cremaretur.
530 623 585 677 Die
616 623 767 677 constituta
792 639 883 675 causae

91 705 230 774 dictionis,
253 705 401 774 Orgetorix
430 705 468 759 ad
494 705 630 776 judicium
661 721 773 758 omnem
803 720 882 757 suam

92 789 235 856 familiam,
266 789 302 842 ad
332 788 478 842 hominum
508 787 595 841 millia
624 787 730 856 decem,
760 787 883 856 undique

92 872 199 941 coligit3
220 880 248 925 et
266 887 363 925 omnes
382 871 506 940 clientes,
518 871 711 939 obaeratosque
730 886 802 937 suos,
816 886 882 938 quo·

92 971 154 1009 rum
166 970 299 1023 magnum
311 970 458 1009 numemm
474 953 605 1022 habebat,
617 953 718 1008 eodem
736 952 883 1007 conduxit:

91 1054 141 1108 per
164 1054 221 1106 eos,
248 1053 284 1091 ne
307 1053 422 1091 causam
449 1037 562 1106 diceret,
587 1052 617 1092 se
640 1035 747 1105 eripuit
789 1036 883 1104 Quum

92 1121 198 1190 civitas,
213 1121 249 1174 ob
269 1135 333 1174 eam
350 1135 409 1175 rem
430 1119 554 1187 incitata,
567 1118 653 1172 armis
671 1118 717 1188 jus
739 1134 820 1172 suum
837 1132 883 1172 ex·

93 1203 171 1274 sequi
200 1211 353 1271 conaretur,
382 1202 643 1271 multitudinemque
672 1200 818 1255 hominum
849 1217 883 1255 ex

92 1288 166 1356 agris
178 1286 355 1355 magistratus
374 1295 511 1356 cogerent,
527 1284 672 1353 Orgetorix
684 1292 809 1339 mortuus
822 1292 883 1339 est:

92 1385 183 1438 neque
200 1367 279 1422 abest
294 1368 423 1438 suspicio,
435 1377 466 1422 ut
485 1366 606 1423 Helvetii
625 1367 800 1437 arbitrantur,
815 1367 882 1438 quin

93 1452 152 1522 ipse
165 1451 217 1505 sibi
229 1459 347 1505 mortem
359 1450 531 1505 consciverit.

127 1535 161 1589 V.
181 1535 249 1587 Post
268 1534 327 1604 ejus
348 1542 467 1587 mortem
487 1532 574 1587 nihilo
592 1532 685 1587 minias
705 1533 827 1588 Helvetii
844 1532 882 1602 id,

93 1617 167 1686 quod
188 1616 394 1684 constituerant,
413 1615 505 1671 facere
525 1625 668 1684 conantur,
688 1624 719 1670 ut
742 1632 758 1670 e
781 1615 881 1670 finibus

93 1700 150 1754 suis
162 1708 268 1754 exeant
306 1699 364 1754 Ubi
373 1699 433 1769 jam
452 1715 482 1753 se
494 1699 606 1754 adeam
620 1715 679 1754 rem
697 1707 809 1767 paratos
821 1714 882 1752 esso

93 1782 217 1838 arbitrati
238 1791 311 1852 sunt,
323 1782 427 1852 oppida
445 1799 495 1836 sua
514 1782 610 1836 omnia
629 1798 745 1836 numero
764 1780 802 1834 ad
815 1781 880 1834 duo·

93 1866 192 1934 decim,
225 1866 302 1920 vicos
333 1865 371 1919 ad
390 1865 616 1935 quadringentos,
640 1864 746 1934 reliqua
774 1863 882 1932 privata

93 1949 211 2003 aedificia
222 1949 391 2012 incendunt;
411 1947 579 2003 frumentum
591 1963 681 2016 omne,
695 1946 879 2016 praeterquod

93 2046 187 2085 secum
211 2029 344 2099 portaturi
374 2037 462 2097 erant,
487 2029 668 2094 comburunt;
697 2037 736 2096 ut,
766 2027 880 2081 domum

52 2121 55 2127 '
91 2113 234 2167 reditionis
246 2129 296 2180 spe
308 2111 426 2178 sublata,
438 2111 589 2180 paratiores
601 2110 638 2164 ad
650 2110 744 2164 omnia
756 2111 879 2178 pericula

92 2195 237 2249 subeunda
255 2202 368 2249 essent:
393 2194 476 2247 trium
497 2193 635 2247 mensium
656 2193 753 2247 molita
776 2192 879 2246 cibaria

91 2277 144 2332 sibi
174 2293 312 2346 quemque
336 2276 420 2330 domo
443 2276 540 2331 efferre
563 2276 670 2347 jubent
708 2276 879 2331 Persuadent

91 2359 234 2428 Rauracis,
256 2368 284 2414 et
304 2358 440 2428 Tulingis,
453 2367 481 2413 et
501 2358 664 2426 Latobrigis,
685 2357 818 2426 finitimis,
830 2359 878 2426 uti,

90 2441 190 2496 eodem
208 2441 251 2496 usi
267 2441 391 2509 consilio,
413 2441 524 2510 oppidis
546 2441 603 2495 suis
623 2440 747 2510 vicisque
768 2442 879 2511 exustis,

88 2525 145 2579 una
153 2542 217 2580 cum
224 2525 258 2579 iis
266 2524 490 2598 proficiscantur:
504 2524 651 2596 Boiosque,
661 2524 708 2594 qui
717 2533 793 2580 trans
805 2525 878 2578 Μιε-

87 2622 155 2660 num
167 2608 347 2676 incoluerant,
360 2607 428 2663 etin
441 2624 538 2676 agrum
558 2609 693 2662 Noricum
712 2606 878 2664 transierant

88 2691 277 2761 Noreiamque
301 2692 502 2762 oppugnarant,
523 2700 648 2761 receptos
668 2691 705 2745 ad
726 2706 765 2758 se,
787 2688 877 2744 socios

87 2774 140 2829 sibi
152 2774 318 2830 adsciscunt.

219 3030 461 3168 ..Λ

522 3206 586 3264 h-
