1950 3384
201 245 259 298 oa
282 243 416 299 asaro
442 243 624 311 carrica
643 243 761 297 alar.
863 254 876 311 ς

121 386 171 440 VI.
192 386 281 439 Erant
293 384 407 439 omnino
419 384 517 439 itinera
535 384 599 453 duo,
612 383 712 454 quibus
731 383 876 438 itineribus

87 469 171 522 domo
181 468 253 523 exire
263 477 377 537 possent
392 486 398 522 :
410 484 496 521 unum
505 483 554 538 per
564 468 717 537 Sequanos,
728 475 877 535 angustum

86 561 114 606 et
126 552 248 618 difficile,
261 551 332 605 inter
349 559 474 605 montem
486 552 582 619 Juram
594 559 622 603 et
639 551 742 603 flumen
764 551 876 604 Rhoda·

86 651 161 702 num,
174 635 219 688 vix
231 634 287 703 qua
298 634 398 701 singuli
410 633 481 687 carri
490 635 670 697 ducerentur;
691 649 771 686 mons
784 641 876 686 autern

86 716 235 771 altissimus
249 716 435 784 impendebat,
448 725 478 771 ut
489 715 571 770 facile
588 716 718 785 perpauci
731 717 877 785 prohibere

85 809 220 868 possent:
238 799 355 855 altenrm
375 815 425 868 per
448 799 623 853 Provinciam
644 808 776 867 nostram,
789 800 877 853 multo

85 881 194 936 facilius
212 890 296 950 atque
317 881 478 950 expeditius,
501 890 648 951 propterea
671 881 746 951 quod
773 883 876 936 Helve-

85 965 186 1018 tiorum
197 964 269 1018 inter
284 963 354 1017 fines
373 973 401 1018 et
418 964 607 1033 Allobrogum,
620 964 668 1033 qui
685 980 773 1033 nuper
783 963 876 1033 pacati

86 1056 172 1115 erant,
195 1047 349 1101 Rhodanus
361 1047 429 1115 fluit,
452 1047 531 1116 isque
551 1047 689 1100 nonnullis
714 1047 782 1102 locis
803 1048 876 1100 vado

85 1129 223 1183 transitur.
274 1130 437 1183 Extremum
462 1129 597 1198 oppidum
620 1129 801 1197 Allobrogum
824 1138 874 1197 est,

85 1212 296 1280 proximumque
322 1212 514 1265 Helvetiorum
538 1211 649 1279 finibus,
673 1211 794 1265 Geneva.
832 1213 876 1266 Ex

85 1310 118 1348 eo
137 1294 241 1364 oppido
261 1310 332 1362 pons
345 1294 387 1347 ad
402 1295 546 1348 Helvetios
564 1293 689 1363 pertinet
730 1294 876 1364 Allobrog-

85 1379 147 1431 ibus
174 1391 237 1431 sese
265 1376 310 1430 vel
334 1392 522 1445 persuasurus,
547 1376 622 1448 qudd
651 1377 776 1431 nondum
800 1380 876 1432 bono

85 1458 180 1512 animo
189 1459 218 1512 in
232 1459 368 1528 Populum
382 1461 541 1513 Romanum
558 1459 723 1529 viderentur,
737 1460 875 1514 existima-

84 1542 170 1607 bant;
191 1543 235 1597 vel
256 1543 284 1596 vi
303 1551 457 1611 coacturos,
479 1551 509 1596 ut
528 1559 578 1612 per
590 1559 655 1596 suos
674 1542 744 1596 fines
765 1559 813 1596 eos
834 1544 875 1598 ire

84 1633 249 1694 paterentur.
288 1626 425 1680 Omnibus
444 1628 525 1680 rebus
538 1626 574 1679 ad
586 1625 786 1695 profectionem
798 1642 874 1679 com·

84 1708 196 1776 paratis,
218 1709 293 1762 diem
310 1709 415 1775 dicunt,
436 1708 550 1780 quadie
573 1707 611 1762 ad
634 1709 724 1776 ripam
744 1709 874 1762 Rhodani

85 1805 181 1844 omnes
201 1790 367 1844 conveniant
381 1808 387 1846 :
404 1791 429 1844 is
442 1791 501 1844 dies
513 1799 573 1845 erat
585 1799 650 1844 ante
662 1789 736 1843 diem
749 1791 875 1859 quintum

86 1873 227 1926 Kalendas
237 1873 354 1942 Apriles,
364 1872 449 1926 Lucio
463 1873 572 1940 Pisone,
582 1872 654 1926 Aulo
668 1873 789 1927 Gabinio
801 1874 874 1927 Con·

85 1955 198 2009 sulibus.
464 1960 467 1966 '
874 1983 878 1991 ·

120 2039 186 2092 VII.
207 2037 312 2091 Caesari
324 2054 409 2106 quum
421 2037 451 2091 id
473 2037 630 2092 nuntiatum
649 2047 731 2108 esset,
756 2053 804 2093 eos
825 2055 875 2108 per

87 2119 262 2174 Provinciam
273 2129 398 2174 nostram
410 2121 462 2175 iter
478 2119 570 2175 lacere
587 2122 690 2190 conari,
702 2130 824 2176 maturat
837 2123 875 2175 ab

85 2203 153 2258 urbe
164 2203 310 2272 proficisci,
322 2212 358 2274 et,
371 2204 456 2273 quim
469 2203 597 2257 maximis
609 2213 701 2273 potest
722 2205 874 2274 itineribus,

85 2286 114 2340 in
133 2286 254 2340 Galliam
272 2287 429 2341 ulteriorem
447 2287 598 2355 contendit,
615 2297 644 2342 et
667 2288 704 2342 ad
730 2289 873 2343 Genevam

85 2369 216 2440 pervenit.
255 2371 408 2426 Provinciae
420 2371 471 2425 toti
483 2370 568 2440 quam
584 2371 737 2425 maximum
755 2372 874 2426 militum

86 2468 232 2506 numerum
242 2452 455 2521 imperat-erat
466 2453 579 2507 omnino
591 2453 621 2506 in
635 2454 727 2508 Gallia
748 2453 876 2508 ulteriore

85 2535 158 2605 legio
181 2545 393 2605 una-pontem,
418 2536 543 2605 quierat
564 2536 601 2589 ad
624 2535 775 2603 Genevm,
796 2536 876 2606 jubet

86 2618 213 2674 rescindi
252 2618 310 2673 Ubi
331 2618 367 2672 de
378 2619 438 2688 ejus
457 2618 579 2672 adventu
604 2618 725 2672 Helvetii
745 2618 875 2674 certiores

85 2700 152 2757 iacti
171 2709 244 2772 sunt,
267 2701 376 2772 legatos
397 2701 435 2755 ad
458 2717 523 2756 eum
543 2701 664 2771 mittunt,
686 2701 875 2758 nobilissimos

86 2785 214 2856 civitatis,
227 2786 305 2858 cujus
316 2786 462 2857 legationis
484 2785 620 2840 Namelus
642 2795 669 2841 et
689 2786 875 2841 Verudoctius
