1950 3384
144 251 147 257 ·
184 245 242 298 na
267 243 398 299 nacco
423 241 606 313 exscreo,
625 243 743 299 clar.
830 257 841 298 1
845 255 860 312 ς

70 386 220 440 verebatur.
259 385 357 454 Itaque
368 383 530 454 priusquam
547 383 696 455 quicquam
708 391 861 453 conaretur,

72 467 242 521 Divitiacum
254 467 292 520 ad
304 483 335 521 se
345 467 439 521 vocari
454 466 533 535 jubet
544 477 581 535 et,
593 467 762 536 quotidianis
780 467 862 520 inter·

70 550 194 618 pretibus
216 549 337 618 remotis,
359 565 409 618 per
427 549 526 602 Caium
545 550 686 603 Valerium
706 549 862 618 Procillum,

71 632 225 702 principem
245 632 344 686 Galliae
361 631 518 701 provinciae,
534 632 698 687 familiarem
716 649 805 701 suum,
818 632 862 686 cui

71 731 210 770 summam
231 715 356 769 omnium
377 731 468 769 rerum
490 715 574 769 fidem
595 716 725 784 habebat,
744 733 808 770 cum
828 731 863 769 eo

72 798 251 867 colloquitur:
264 797 346 851 simul
356 797 576 866 commonefacit,
583 814 646 866 quae
655 799 717 868 ipso
726 807 864 867 praesente

71 881 101 936 in
120 881 236 935 concilio
255 881 398 935 Gallorum
416 881 452 935 de
471 880 643 950 Dumnorige
662 882 717 935 sint
736 881 818 950 dicta,
835 889 863 936 et

73 963 202 1033 ostendit,
227 979 290 1032 quae
315 962 464 1032 separatim
489 963 606 1034 quisque
626 963 662 1018 de
683 979 716 1017 eo
736 964 812 1033 apud
833 979 864 1019 se

71 1046 187 1101 dixerit:
205 1046 274 1115 petit
285 1053 369 1115 atque
381 1044 513 1115 hortatur,
526 1054 556 1100 ut
568 1046 628 1100 sine
641 1046 700 1115 ejus
712 1046 864 1100 offensione

73 1129 158 1184 animi
180 1130 223 1184 vel
244 1129 305 1200 ipse
326 1129 361 1183 de
381 1143 423 1197 eo,
443 1135 529 1183 causa
549 1128 668 1198 cogniti,
691 1137 802 1197 statuat,
821 1129 864 1184 vel

73 1212 213 1267 civitatem
226 1220 346 1265 statuere
354 1211 458 1279 jubeat

108 1297 170 1348 XX.
192 1294 347 1348 Divitiacus
372 1293 465 1348 multis
486 1309 551 1347 cum
571 1293 700 1361 lacrimis,
724 1294 864 1347 Caesarem

73 1378 240 1446 complexus,
260 1376 405 1430 obsecrare
425 1375 518 1444 coepit,
537 1377 555 1408 “
563 1393 599 1430 ne
616 1376 684 1446 quid
695 1389 697 1392 ’
703 1375 814 1445 gravius
835 1377 864 1430 in

73 1460 186 1515 fratrem
199 1467 346 1513 statueret:
365 1457 435 1513 scire
447 1474 484 1528 se,
497 1459 545 1513 illa
556 1474 618 1513 esse
630 1475 703 1528 vera,
715 1475 767 1513 nec
780 1474 863 1528 quen·

74 1558 159 1612 quam
171 1558 250 1596 exeo
262 1541 331 1610 plus,
342 1540 426 1610 quarn
439 1557 477 1610 se,
487 1541 589 1595 doloris
602 1557 708 1611 capere,
719 1550 865 1612 propterea

74 1623 157 1696 quod,
176 1640 261 1693 quum
283 1624 343 1692 ipse
364 1623 453 1692 gratia
473 1623 622 1693 plurimum
640 1623 716 1677 domi
733 1633 817 1692 atque
835 1623 864 1677 in

74 1706 179 1775 reliqua
192 1706 290 1775 Gallis,
303 1705 349 1759 ille
360 1704 506 1758 minimum
520 1713 632 1775 propter
648 1705 863 1760 adolescentiam

74 1799 176 1859 posset,
188 1805 237 1858 per
256 1804 286 1842 se
304 1788 447 1852 crevisset;
471 1788 572 1857 quibus
592 1788 692 1856 opibus
711 1804 744 1842 ac
764 1787 864 1854 nervis,

73 1887 131 1925 non
152 1870 241 1925 solum
263 1871 300 1924 ad
320 1870 499 1924 minuendam
520 1870 645 1939 gratiam,
661 1870 711 1925 sed
729 1886 809 1940 paene
826 1870 864 1924 ad

74 1953 224 2024 perniciem
249 1969 330 2006 suam
354 1961 493 2008 uteretur:
518 1969 580 2008 sese
604 1963 698 2009 tamen
719 1964 747 2008 et
769 1968 864 2008 amore

73 2036 194 2090 fraterno
212 2047 240 2091 et
258 2035 459 2091 existimatione
474 2037 549 2106 vulgi
567 2036 743 2093 commoveri.
782 2035 864 2105 Quod

74 2119 98 2173 si
117 2120 183 2189 quid
200 2120 225 2173 ei
242 2136 259 2172 a
276 2119 387 2173 Caesare
405 2119 514 2188 gravius
532 2120 688 2189 accidisset,
701 2136 786 2189 quum
804 2119 864 2188 ipse

73 2217 137 2256 eum
155 2203 246 2256 locum
268 2200 398 2257 amicitiae
419 2200 493 2270 apud
511 2195 575 2256 eum
593 2210 705 2270 teneret,
724 2201 864 2256 neminem

74 2283 301 2353 existimaturum,
318 2301 375 2337 non
394 2290 444 2337 sua
460 2283 601 2339 voluntate
619 2284 738 2348 sactum;
758 2290 813 2352 qua
829 2299 863 2337 ex

74 2382 103 2420 re
124 2366 252 2433 futurum,
274 2366 314 2420 uti
336 2366 419 2420 totius
443 2366 542 2420 Galliae
562 2366 649 2420 animi
670 2382 688 2419 a
708 2381 739 2420 se
759 2374 863 2419 averte·

74 2449 190 2502 rentur.”
226 2451 298 2502 Haec
310 2465 395 2517 quum
407 2449 531 2517 pluribus
543 2449 634 2503 verbis
646 2449 715 2502 flens
726 2464 743 2499 a
753 2448 864 2501 Caesare

74 2540 186 2599 peteret,
210 2531 304 2583 Caesar
325 2531 388 2602 ejus¹
405 2531 529 2584 dextram
553 2531 679 2598 prendit;
706 2530 864 2583 consolatus

74 2623 152 2681 rogat
177 2612 261 2665 finem
291 2611 389 2664 orandi
419 2611 519 2664 saciat:
548 2612 617 2664 tanti
645 2612 704 2681 ejus
732 2611 807 2679 apud
834 2627 864 2667 se

74 2696 192 2763 gratiam
209 2710 271 2748 esse
289 2693 418 2760 ostendit,
431 2693 469 2746 uti
483 2702 510 2746 et
522 2692 680 2762 reipublicae
697 2692 825 2761 injuriam
836 2702 864 2748 et

74 2793 154 2832 suum
171 2777 295 2831 dolorem
307 2776 366 2845 ejus
378 2775 512 2829 voluntati
525 2766 697 2844 ac'precibus
717 2776 862 2831 condonet
