1950 3384
245 871 287 944 c,
338 871 481 968 Jumi
537 869 788 945 cAEsnnis

173 1055 253 1128 DE
319 1057 521 1132 unito
584 1057 863 1132 Gannico

365 1254 483 1307 LIBER
512 1255 673 1311 PRIMUS.

158 1582 180 1634 1.
202 1580 322 1635 GALLIA
329 1588 371 1633 est
379 1578 469 1633 omnis
477 1577 702 1650 divisainpartes
712 1587 783 1647 tres;
798 1599 916 1650 quarum

122 1680 207 1718 unam
219 1663 343 1718 incolunt
362 1662 464 1730 Belgae,
476 1662 561 1716 aliam
579 1663 720 1732 Aquitani,
733 1663 852 1731 tertiam,
864 1665 912 1734 qui

124 1747 248 1816 ipsorum
270 1745 365 1814 lingua
390 1745 485 1812 Celtae,
509 1751 605 1799 nostra
625 1746 705 1814 Galli,
731 1747 912 1815 appellantur.

124 1830 163 1884 Hi
176 1844 272 1883 omnes
282 1829 384 1896 lingua,
394 1827 534 1895 institutis,
543 1827 650 1896 legibus
658 1827 730 1881 inter
737 1843 767 1882 se
776 1828 912 1882 differunt.

124 1911 220 1966 Gallos
243 1912 280 1965 ab
304 1909 453 1978 Aquitanis
477 1910 620 1964 Garumna
644 1910 757 1978 flumen,
781 1926 799 1962 a
819 1909 912 1978 Belgis

124 1995 256 2048 Matrona
280 2001 307 2047 et
332 1992 463 2060 Sequana
493 1990 597 2045 dividit
648 1992 757 2044 Horum
789 1992 913 2045 omniurn

122 2075 265 2130 fortissimi
278 2083 342 2129 sunt
356 2073 458 2141 Belgae,
471 2082 617 2143 propterea
628 2073 704 2144 qubd
715 2090 733 2127 a
746 2073 820 2128 cultu
829 2084 913 2144 atque

123 2158 295 2214 humanitate
315 2155 468 2212 Provineiae
485 2155 647 2226 longissime
659 2157 769 2224 absunt,
788 2157 913 2211 minime·

123 2259 177 2312 que
189 2242 226 2296 ad
238 2258 286 2297 eos
305 2248 472 2295 mercatores
490 2256 566 2308 saepe
588 2248 753 2308 commeant,
776 2249 859 2309 atque
871 2257 913 2308 ea,
960 2236 964 2240 ’

124 2341 187 2395 quae
198 2325 236 2378 ad
248 2323 449 2380 effeminandos
462 2322 571 2376 animos
583 2322 730 2391 pertinent,
742 2322 895 2392 important
906 2343 914 2388 ;

123 2408 297 2477 proximique
309 2416 374 2462 sunt
394 2406 549 2474 Germanis,
562 2405 609 2474 qui
630 2414 707 2459 trans
729 2406 859 2459 Rhenum
872 2405 912 2458 in-

123 2492 225 2560 colunt,
237 2491 402 2561 quibuscum
412 2490 584 2544 continenter
590 2488 694 2542 bellum
705 2497 811 2556 gerunt.
851 2488 912 2556 Qua

124 2573 159 2628 de
180 2579 265 2628 causa
284 2573 406 2628 Helvetii
423 2586 534 2642 quoque
553 2571 673 2639 reliquos
697 2570 792 2624 Gallos
814 2569 913 2623 virtute

123 2656 290 2727 praeceduut,
321 2655 396 2724 qubd
427 2655 484 2709 fere
513 2652 682 2723 quotidianis
713 2652 819 2720 proeliis
851 2669 913 2706 cum

124 2738 271 2794 Germanis
288 2737 468 2805 contendunt,
489 2752 575 2805 quum
596 2744 643 2789 aut
664 2735 722 2788 suis
743 2735 845 2788 finibus
865 2750 914 2789 eos

123 2823 279 2892 prohibent,
291 2830 340 2876 aut
351 2820 404 2890 ipsi
416 2820 446 2873 in
464 2834 559 2874 eorum
571 2817 672 2872 finibus
691 2817 795 2871 bellum
807 2827 913 2886 gerunt.

124 2907 229 2959 Eorum
241 2920 382 2974 unapars,
395 2918 480 2974 quam
493 2901 589 2956 Gallos
603 2899 726 2955 obtinere
746 2900 851 2955 dictum
863 2908 913 2963 est¹
