1950 3384
70 231 104 296 36
281 228 309 281 C.
329 227 446 298 JULII
466 226 652 282 CAESARIS

69 366 247 436 tentionibus,
267 382 336 436 quas
355 367 442 422 AEdui
463 379 559 422 secum
583 379 611 423 et
634 383 698 422 cum
723 367 864 435 Sequanis

69 450 239 518 habuissent,
249 450 578 519 aurdlioPopuliRomani
586 467 651 504 usos
661 466 730 504 esse.
749 449 864 504 Debere

69 548 100 588 se
113 533 257 602 suspicari,
275 533 404 587 simulata
424 533 564 589 Caesarem
583 533 712 601 amicitiai,
727 531 804 601 qubd
816 549 862 586 ex-

69 615 185 670 ercitum
211 616 241 669 in
266 615 358 668 Gallia
381 615 491 685 habeat,
510 616 552 670 sui
577 614 749 684 opprimendi
773 620 862 668 causi

69 699 178 752 babere
218 697 272 765 Qui
284 697 339 751 nisi
351 698 468 753 decedat
480 707 563 767 atque
575 697 725 753 exercitum
741 696 863 752 deducat

69 797 103 834 ex
120 781 165 833 bis
183 779 350 848 regionibus,
369 797 431 835 sese
448 781 526 834 illum
543 797 600 835 non
620 797 670 848 pro
689 779 786 846 amico,
809 779 862 833 sed

68 879 119 931 pro
143 863 223 916 hoste
246 863 420 918 habiturum:
450 863 526 933 quod
550 864 573 917 si
597 879 661 918 eum
685 861 861 930 interfecerit,

68 944 161 1000 multis
175 961 236 999 sese
248 946 386 998 nobilibus
396 945 622 1014 principibusque
633 945 730 1014 Populi
739 944 861 998 Romani

69 1037 178 1098 gratum
199 1045 260 1081 esse
278 1027 430 1095 facturum3
455 1030 485 1082 id
504 1046 534 1083 se
555 1030 592 1083 ab
609 1029 678 1098 ipsis
696 1044 746 1096 per
762 1043 860 1082 eorum

68 1112 179 1166 nuntios
197 1120 369 1179 compertum
387 1111 498 1179 babere,
514 1127 631 1180 quornm
644 1109 768 1163 omnium
785 1116 860 1175 grat·

68 1196 124 1248 iam
142 1205 226 1263 atque
243 1193 394 1247 amicitiam
413 1193 471 1262 ejus
489 1203 578 1246 morte
596 1193 730 1246 redimere
754 1200 858 1260 posset.

70 1277 151 1347 Qubd
161 1277 184 1330 si
194 1276 367 1345 decessisset,
377 1293 410 1330 ac
422 1277 537 1330 liberam
544 1276 748 1344 possessionem
760 1273 859 1328 Galliae

68 1360 120 1414 sibi
129 1359 295 1426 tradidisset,
304 1376 406 1428 magno
417 1375 446 1412 se
459 1359 535 1412 illum
544 1359 659 1426 praemio
671 1364 859 1411 remuneratu-

67 1458 137 1509 rum,
149 1451 184 1507 et,
198 1455 381 1509 quaecumque
392 1441 466 1494 bella
477 1441 535 1508 geri
553 1441 643 1509 vellet,
657 1440 717 1494 sine
729 1439 784 1492 ullo
797 1437 858 1506 ejus

82 1524 161 1576 bore
173 1530 200 1575 et
213 1521 333 1590 periculo
346 1522 558 1576 confecturum”

102 1605 187 1659 XLV.
207 1604 299 1657 Multa
310 1605 347 1657 ab
360 1604 471 1658 Caesare
483 1604 512 1657 in
525 1621 588 1658 eam
605 1604 770 1658 sententiam
783 1602 859 1658 dicta

2 1681 4 1688 ’
68 1695 138 1755 sunt,
152 1701 238 1755 quare
249 1686 360 1753 negotio
374 1686 506 1740 desistere
519 1703 575 1740 non
587 1696 689 1756 posset,
703 1695 730 1740 et
743 1686 858 1754 “neque

67 1786 156 1837 suam,
174 1784 263 1837 neque
283 1768 381 1836 Populi
400 1769 519 1821 Romani
546 1768 773 1823 consuetudinem
790 1765 858 1835 pati,

67 1852 106 1904 uti
131 1851 235 1919 optime
254 1850 367 1905 meritos
386 1851 477 1904 socios
496 1852 649 1906 desereret:
667 1867 757 1920 neque
770 1864 800 1903 se
814 1849 857 1917 ju·

68 1934 160 1989 dicare
180 1934 300 1987 Galliam
318 1932 409 2003 potids
428 1949 489 1986 esse
501 1933 642 2001 Ariovisti,
655 1933 740 2003 quarn
760 1931 856 1998 Populi

70 2017 196 2071 Romani.
234 2016 312 2070 Bello
325 2024 468 2084 superatos
475 2030 537 2069 esse
545 2016 683 2068 Arvernos
696 2025 724 2068 et
733 2017 857 2068 Rutenos

68 2101 104 2152 ab
125 2101 158 2167 Q.
182 2099 270 2153 Fabio
291 2098 424 2164 Maximo,
448 2097 548 2166 quibus
574 2097 694 2165 Populus
715 2098 857 2150 Romanus

68 2181 226 2250 ignovisset,
244 2197 334 2250 neque
352 2180 381 2233 in
402 2179 573 2248 provinciam
590 2179 750 2248 redegisset,
767 2193 857 2249 neque

68 2263 235 2331 stipendium
259 2262 442 2330 imposuisset
480 2259 564 2328 Quod
587 2260 611 2313 si
635 2261 855 2330 antiquissimum

68 2347 197 2416 quodque
209 2355 318 2415 tempus
330 2341 447 2412 spectari
460 2352 605 2411 oporteret,
620 2344 718 2412 Populi
737 2343 857 2398 Romani

67 2428 247 2496 justissimum
266 2441 327 2481 esse
344 2425 373 2478 in
396 2424 487 2477 Gallia
504 2424 665 2493 imperium:
684 2427 707 2480 si
723 2425 857 2495 judicium

69 2509 187 2564 Senatus
206 2507 345 2562 observari
369 2513 514 2575 oporteret,
532 2507 648 2560 liberam
672 2507 773 2562 debere
796 2520 857 2559 esse

69 2590 198 2660 Galliam,
215 2604 300 2660 quam
320 2587 393 2642 bello
410 2586 514 2643 victam
531 2587 588 2642 suis
606 2587 713 2657 legibus
731 2587 771 2641 uti
782 2586 856 2639 volu-

143 2673 157 2702 n

67 2670 141 2727 {sm
155 2753 205 2811 VI.
224 2752 300 2807 Dum
319 2751 381 2807 haec
398 2750 428 2805 in
446 2751 583 2821 colloquio
600 2759 739 2819 geruntur,
753 2748 857 2804 Caesari
