1950 3384
195 210 254 276 oa
276 206 409 279 narro
437 222 618 292 carmen,
636 221 756 280 Liar.
837 236 867 280 21

82 361 230 431 provinciae
242 363 492 432 Allobrogibusque
510 374 610 418 essent.
649 366 742 432 Boios,
755 365 871 434 petenti·

82 445 133 497 bus
151 445 260 513 AEduis,
279 445 355 514 quod
372 447 483 514 egregia
501 447 600 500 virtute
618 461 695 500 erant
715 447 825 515 cogniti,
842 459 871 500 ιιι

81 527 110 580 in
132 527 232 581 finibus
257 528 315 580 suis
340 528 514 597 collocarent,
535 529 689 583 concessit:
713 529 813 597 quibus
834 529 872 582 illi

80 625 163 677 agros
191 610 334 678 dederunt,
359 627 484 679 quosque
510 621 608 679 postea
632 611 660 663 in
686 628 782 680 parem
804 612 873 680 juris

81 691 271 762 libertatisque
292 693 488 762 conditionem,
502 703 585 764 atque
603 694 659 763 ipsi
677 704 763 762 erant,
780 709 873 764 recep·

84 784 171 828 erunt.

116 857 221 910 XXIX
249 858 283 909 ln
301 857 400 910 castris
422 858 614 911 Helvetiorum
636 858 737 911 tabulae
758 868 874 926 repertae

82 949 154 1006 sunt,
164 939 249 992 literis
264 940 369 992 Graecis
382 940 515 992 conlectae
528 949 555 993 et
568 940 605 992 ad
618 940 759 993 Caesarem
772 942 872 1007 relatae,

81 1020 180 1088 quibus
202 1020 232 1072 in
252 1019 353 1072 tabulis
377 1020 542 1072 nominatim
565 1020 635 1073 ratio
657 1021 784 1073 confecta
806 1030 873 1087 erat,

81 1103 129 1170 qui
148 1118 278 1155 numerus
299 1103 383 1155 domo
403 1103 503 1156 exisset
523 1119 626 1170 eorum,
640 1104 686 1172 qui
707 1120 785 1155 amia
804 1103 873 1156 ferre

81 1175 212 1253 possent:
232 1193 260 1238 et
276 1184 343 1238 item
360 1179 510 1254 separatim
524 1185 610 1252 pueri,
627 1201 715 1252 senes,
732 1184 873 1238 mulieres·

82 1287 143 1340 que.
176 1272 300 1339 Quarum
313 1271 437 1324 omnium
450 1288 542 1324 rerum
554 1287 663 1324 summa
675 1283 741 1339 erat,
753 1273 874 1341 capitum

83 1353 366 1407 Helvetiorummillia
374 1353 493 1406 ducenta
503 1363 530 1407 et
540 1354 683 1421 sexaginta
693 1353 752 1421 tria,
761 1354 874 1422 Tuling-

14 1492 17 1496 ,
82 1453 161 1490 orum
180 1437 267 1489 millia
290 1436 403 1504 triginta
431 1452 486 1504 sex,
509 1437 722 1504 Latobrigorum
747 1447 874 1505 quatuor·

82 1518 181 1587 decim,
201 1520 391 1572 Rauracorum
411 1518 508 1587 viginti
529 1519 589 1586 tria,
611 1519 741 1571 Boiorum
763 1519 875 1585 triginta

82 1601 155 1655 duo:
178 1616 213 1655 ex
237 1601 289 1668 his,
315 1601 361 1669 qui
386 1617 464 1654 arma
485 1601 556 1655 ferre
580 1611 703 1669 possent,
727 1601 764 1653 ad
788 1601 874 1653 millia

82 1683 235 1750 nonaginta
248 1683 309 1737 duo.
348 1684 464 1736 Summa
479 1684 604 1736 omnium
619 1683 727 1735 suerunt
740 1684 776 1735 ad
789 1683 875 1736 millia

82 1773 206 1819 trecenta
227 1774 255 1819 et
276 1765 419 1832 sexaginta
444 1773 514 1818 octo.
552 1766 666 1833 Eorum,
688 1765 736 1833 qui
760 1766 874 1817 domum

82 1847 231 1916 redierunt,
256 1863 341 1901 censu
370 1847 474 1914 habito,
499 1855 529 1899 ut
559 1847 654 1899 Caesar
682 1847 876 1915 imperaverat,

84 1937 209 1998 repertus
221 1938 263 1982 est
276 1944 406 1982 numerus
419 1927 535 1981 millium
548 1937 659 1982 centum
673 1938 699 1982 et
712 1930 817 1982 decem.

118 2012 208 2064 XXX.
233 2011 311 2065 Bello
337 2011 528 2064 Helvetiorum
554 2010 688 2078 confecto,
712 2011 796 2065 totius
821 2013 877 2065 fere

85 2093 183 2148 Galliae
211 2093 302 2162 legati,
329 2093 467 2162 principes
497 2093 646 2160 civitatum,
673 2094 710 2146 ad
737 2094 877 2148 Caesarem

68 2176 69 2180 ’
83 2176 249 2244 gratulatum
261 2186 466 2230 convenerunt:
480 2177 661 2244 “Intelligere
675 2193 743 2243 sese,
755 2176 875 2243 tametsi,

83 2274 134 2327 pro
149 2259 287 2313 veteribus
305 2260 496 2313 Helvetiorum
515 2259 620 2328 injuriis
635 2260 732 2328 Populi
746 2259 875 2326 Romani,

84 2341 121 2394 ab
134 2340 168 2394 iis
180 2358 278 2410 poenas
292 2342 364 2395 bello
377 2341 528 2411 repetisset,
547 2351 641 2395 tamen
661 2358 723 2394 eam
742 2358 801 2394 rem
819 2357 876 2393 non

84 2420 176 2475 minus
196 2439 230 2475 ex
248 2440 300 2476 usu
320 2433 399 2477 terrae
413 2423 520 2491 Galliae,
534 2423 618 2492 quem
639 2423 735 2490 Populi
755 2423 876 2476 Romani

84 2504 236 2559 accidisse:
249 2514 395 2574 propterea
407 2505 482 2572 quod
495 2522 527 2558 eo
540 2504 663 2571 consilio,
677 2505 877 2559 florentissimis

86 2587 175 2655 rebus,
197 2586 296 2641 domos
321 2603 387 2640 suas
413 2587 535 2640 Helvetii
561 2588 743 2656 reliquissent,
764 2588 804 2641 uti
828 2589 878 2643 toti

88 2668 187 2722 Galliae
217 2669 320 2724 bellum
350 2669 488 2737 inferrent,
515 2670 687 2739 imperioque
716 2671 876 2739 potirentur,

86 2752 233 2822 locumque
258 2753 400 2807 domicilio
424 2770 458 2807 ex
482 2759 584 2822 magna
612 2754 693 2823 copia
719 2754 888 2819 deligemus,
