1950 3384
116 216 148 264 to
326 211 354 266 C.
372 211 490 283 JULII
511 213 697 269 CAESARIS

114 350 316 418 Dumnorigem
328 351 365 404 ad
377 367 408 406 se
420 361 514 417 vocat;
528 353 642 408 fratrem
653 353 781 418 adhibet;
800 370 863 422 quae
875 355 903 407 in

112 447 145 484 co
163 432 355 501 reprehendat,
369 435 505 488 ostendit:
525 451 588 504 quae
607 435 667 505 ipse
686 435 828 504 intelligat,
841 452 904 504 quae

111 514 210 568 civitas
232 524 369 584 queratur,
387 516 529 586 proponit;
553 527 656 587 monet,
671 527 702 572 ut
721 518 750 571 in
769 518 904 587 reliquum

112 607 221 667 tempus
239 615 336 654 omnes
355 599 526 668 suspiciones
543 600 610 655 vitet
620 619 628 666 ς
647 600 787 670 praeterita
804 617 835 655 se
854 601 903 653 Di·

112 680 212 735 vitiaco
225 682 301 736 fratri
313 683 472 738 condonare
484 683 558 738 dicit.
596 684 763 753 Dumnorigi
774 684 903 738 custodes

112 764 198 831 ponit,
223 773 261 832 ut,
287 780 351 834 quae
377 773 450 835 agat,
478 766 644 836 quibuscum
670 766 807 835 loquatur,
834 766 904 820 scire

112 856 208 914 possit.

147 929 226 982 XXI.
246 928 356 984 Eodem
368 929 414 984 die
425 930 462 983 ab
472 928 690 998 exploratoribus
702 928 802 984 certior
813 928 903 983 factus

111 1010 207 1065 hostes
228 1013 280 1066 sub
303 1021 398 1067 monte
419 1012 580 1068 consedisse
602 1011 690 1066 millia
713 1028 847 1081 passuum
867 1013 904 1067 ab
923 1037 930 1047 ν

112 1094 199 1164 ipsius
219 1095 317 1149 castris
336 1104 415 1161 octo;
436 1095 526 1165 qualis
545 1102 619 1150 esset
638 1103 737 1149 natura
755 1095 858 1149 montis
876 1104 904 1151 et

112 1178 203 1247 qualis
215 1178 245 1231 in
257 1177 372 1234 circuitu
388 1194 529 1247 ascensus,
541 1178 589 1248 qui
602 1188 807 1247 cognoscerent,
820 1178 903 1233 misit

114 1261 314 1316 Renuntiatum
334 1271 385 1331 est,
407 1261 517 1317 facilem
537 1278 606 1317 esse
644 1264 690 1317 De
710 1262 792 1317 tertia
811 1262 905 1332 vigilia

113 1345 208 1398 Titum
219 1345 380 1412 Labienum,
390 1345 513 1413 legatum
524 1361 575 1414 pro
586 1353 712 1414 praetore,
722 1360 786 1398 cum
795 1344 903 1399 duabus

113 1428 275 1495 legionibus,
298 1436 326 1482 et
351 1427 386 1480 iis
411 1426 537 1494 ducibus,
558 1426 606 1496 qui
632 1428 684 1482 iter
709 1436 903 1496 cognoverant,

113 1527 253 1565 summum
268 1509 366 1579 jugum
383 1508 486 1563 montis
503 1509 654 1564 ascendere
670 1509 748 1577 jubet
752 1527 760 1573 ;
781 1509 849 1578 quid
861 1509 904 1562 sui

113 1593 221 1647 consilii
234 1593 278 1661 sit,
291 1592 419 1647 ostendit
457 1593 523 1661 Ipse
535 1590 570 1646 de
583 1598 681 1661 quarta
693 1591 787 1660 vigilia
805 1592 904 1646 eodem

113 1676 219 1744 itinere,
231 1692 286 1745 quo
298 1676 393 1730 hostes
411 1674 508 1743 ierant,
525 1674 562 1728 ad
580 1690 629 1729 eos
647 1673 799 1742 contendit,
816 1674 904 1743 equit·

21 1767 24 1770 ’
113 1770 244 1829 atumque
257 1774 369 1813 ornnem
381 1757 592 1813 antesemittit.
624 1757 738 1812 Publius
747 1757 905 1825 Considius,

113 1843 160 1911 qui
173 1843 212 1896 rei
224 1831 350 1896 militaris
362 1840 545 1911 peritissimus
555 1841 719 1908 habebatur,
731 1847 759 1893 et
771 1838 801 1893 in
813 1854 904 1894 exerc·

113 1927 153 1980 itu
174 1925 251 1980 Lucii
270 1925 363 1991 Sullae,
382 1933 409 1979 et
426 1932 525 1993 postea
542 1923 571 1975 in
590 1922 682 1977 Marci
695 1921 789 1978 Crassi
807 1922 904 1989 fuerat,

112 2026 177 2063 cum
188 2005 406 2075 exploratoribus
418 2005 600 2075 praemittitur.

147 2092 242 2145 XXII.
262 2090 356 2142 Prima
374 2088 444 2155 luce,
459 2104 545 2156 quum
564 2103 689 2140 summus
708 2102 789 2141 mons
805 2103 822 2139 a
838 2087 904 2140 Tito

114 2174 236 2226 Labieno
261 2179 408 2239 teneretur,
430 2169 491 2239 ipse
516 2170 552 2223 ab
577 2169 699 2223 hostiurn
724 2167 822 2223 castris
846 2185 904 2221 non

70 2317 75 2329 ι
112 2254 220 2323 longids
233 2255 308 2308 mille
320 2262 348 2308 et
360 2252 519 2321 quingentis
531 2252 659 2321 passibus
674 2252 793 2319 abesset,
805 2267 903 2320 neque,

112 2349 142 2394 ut
153 2347 252 2408 postea
264 2353 298 2391 ex
309 2336 426 2405 captivis
439 2334 581 2402 comperit,
594 2344 641 2387 aut
654 2334 740 2402 ipsius
758 2334 903 2400 adventus,

111 2431 159 2476 aut
180 2419 302 2488 Labieni,
323 2417 450 2487 cognitus
471 2426 545 2472 esset
551 2434 559 2481 ς
584 2416 741 2485 Considius,
761 2432 833 2485 equo
853 2415 902 2469 ad·

111 2505 205 2572 misso,
226 2503 348 2558 adeum
368 2500 502 2556 accurrit:
528 2499 605 2567 dicit,
626 2507 758 2566 montem,
780 2514 864 2567 quem
884 2514 903 2551 a

112 2587 234 2639 Labieno
247 2585 376 2654 occupari
389 2583 511 2650 voluerit,
524 2582 561 2635 ab
573 2582 700 2636 hostibus
711 2579 813 2643 teneri3
829 2578 859 2631 id
871 2593 902 2634 se

110 2669 250 2721 aGallicis
261 2667 345 2721 armis
354 2675 438 2736 atque
446 2664 602 2733 insignibus
612 2662 782 2732 cognovisse.
807 2662 902 2714 Caesar

110 2766 174 2805 suas
195 2749 291 2817 copias
309 2750 338 2802 in
356 2741 512 2818 proximum
533 2747 632 2799 collem
654 2744 791 2811 subducit,
810 2742 899 2797 aciem
