1950 3384
90 231 123 299 38
299 228 329 283 C.
349 227 464 298 JL'LII
485 223 672 278 CAESARIS

90 369 243 423 Ariovistus
272 367 423 436 longinqui
452 363 652 419 consuetudine
685 364 826 431 utebatur,
856 376 888 419 et

89 447 731 521 quddineopecoendiGermanismusanon
748 446 889 513 esset,ad

88 548 153 586 eum
177 535 295 602 mittere,
318 542 347 588 et
371 534 500 585 Marcum
523 529 664 595 Mettium,
687 528 736 597 qui
759 528 889 598 hospitio

90 615 221 670 Ariovisti
233 634 300 672 usus
310 624 377 670 erat.
414 614 469 667 His
480 611 632 678 mandavit,
644 621 684 677 ut,
695 627 761 680 quae
777 611 888 666 diceret

89 698 254 768 Ariovistus,
272 706 470 768 cognoscerent
485 706 514 750 et
531 695 569 748 ad
580 710 612 748 se
623 693 765 748 referrent
803 694 888 762 Quos

89 796 176 848 quum
199 782 276 850 apud
293 797 324 835 se
340 780 370 834 iu
387 778 485 832 cestris
503 776 659 830 Ariovistus
681 775 889 845 conspexisset,

89 862 210 915 exercitu
229 881 279 919 suo
297 870 442 932 praesente,
459 859 659 914 conclamavit:
679 858 779 926 “Quid
796 858 837 912 ad
855 874 889 913 se

90 941 232 999 venirent?
266 942 613 1013 Anspeculandioeusii'
642 941 889 996 Conantesdicere

90 1023 232 1094 prohibuit
244 1038 272 1082 et
284 1030 313 1081 in
325 1036 437 1081 catenas
451 1023 576 1092 conjecit.

126 1107 263 1165 XLVIII.
281 1111 390 1165 Eodem
402 1109 447 1162 die
460 1117 551 1161 castra
562 1106 709 1175 promovit,
721 1114 750 1159 et
762 1105 888 1160 millibus

91 1205 225 1257 passuum
238 1211 286 1248 sex
298 1211 316 1248 a
328 1193 447 1249 Caesaris
459 1190 557 1244 castris
575 1189 627 1241 sub
639 1197 735 1243 monte
747 1188 888 1244 consedit.

94 1272 231 1330 Postridie
241 1278 300 1346 ejus
308 1277 362 1331 diei
372 1284 471 1346 praeter
479 1282 571 1326 castra
578 1270 698 1324 Caesaris
709 1285 776 1324 suas
788 1270 889 1340 copias

91 1353 255 1425 transduxit,
272 1368 300 1412 et
317 1358 438 1411 millibus
456 1369 587 1424 passuum
605 1352 714 1406 duobus
731 1351 805 1405 ultra
821 1369 890 1407 eum

92 1441 184 1485 castra
196 1435 270 1505 fecit,
282 1455 317 1492 eo
329 1439 453 1505 consilio,
465 1436 505 1489 uti
515 1435 652 1488 frumento
664 1444 889 1506 commeatuque,

93 1514 139 1584 qui
152 1530 187 1567 ex
200 1517 337 1588 Sequanis
350 1530 378 1574 et
395 1517 496 1572 AEduis
514 1526 727 1584 supportaretur,
744 1517 889 1573 Caesarem

94 1597 295 1655 Intercluderet.
332 1603 375 1654 Ex
399 1617 433 1655 eo
456 1599 502 1653 die
523 1598 582 1652 dies
601 1598 747 1652 continuos
765 1600 891 1669 quinque

96 1680 191 1735 Caesar
210 1698 261 1751 pro
280 1684 378 1737 castris
400 1698 465 1737 suas
486 1680 581 1749 copias
600 1679 737 1748 produxit,
749 1691 779 1735 et
796 1681 890 1737 aciem

95 1762 259 1818 Instructam
279 1766 385 1834 habuit,
404 1775 443 1834 ut,
464 1763 488 1818 si
508 1762 589 1817 vellet
609 1762 764 1816 Ariovistus
787 1763 890 1831 proelio

96 1845 264 1902 contendere
275 1849 301 1902 ei
313 1859 436 1918 potestas
448 1863 504 1900 non
522 1845 638 1899 deesset
674 1844 832 1900 Ariovistus
843 1847 891 1903 his

97 1927 226 1983 omnibus
236 1930 335 1985 diebus
344 1931 493 1985 exercitum
502 1927 754 1994 castriscontinuit3
767 1930 890 1998 equestri

96 2010 195 2082 proelio
207 2013 332 2082 quotidIe
347 2012 497 2066 contendit.
534 2011 629 2064 Genus
641 2010 695 2063 hoc
706 2019 766 2065 erat
777 2027 891 2080 pugnae,

99 2109 154 2164 quo
167 2108 197 2146 se
210 2094 534 2148 Gemianiexercuerant.
572 2092 890 2162 Equitummilliaerant

100 2192 162 2232 sex:
180 2175 297 2231 totidem
311 2192 426 2231 numero
444 2176 551 2246 pedites
562 2174 730 2230 velocissImi
746 2191 781 2230 ac
798 2175 890 2230 fortis·

100 2258 172 2327 simi,
193 2273 263 2327 quos
289 2275 323 2313 ex
345 2258 422 2312 omni
446 2258 528 2328 copia
550 2257 650 2326 singuli
674 2257 806 2326 singulos,
831 2275 891 2314 suae

101 2341 196 2398 salutis
208 2347 301 2411 causi,
313 2341 478 2411 delegerant
517 2341 588 2394 Cum
595 2340 639 2394 his
647 2340 675 2393 In
684 2340 789 2409 proeliis
798 2356 890 2396 versa·

101 2428 208 2494 bantur,
227 2427 263 2480 ad
281 2428 333 2480 hos
351 2442 381 2479 sc
399 2425 504 2494 equites
522 2423 707 2492 recipiebant:
724 2422 762 2491 hi,
781 2423 805 2477 si
823 2424 891 2493 quid

102 2522 160 2565 erat
173 2510 275 2580 durius,
287 2508 503 2564 concurrebant:
520 2507 544 2561 si
562 2505 618 2576 qui,
635 2505 760 2574 graviore
778 2505 891 2561 vulnere

102 2604 225 2663 accepto,
247 2610 318 2663 equo
339 2591 488 2659 deciderat,
512 2588 767 2645 circumsistebant:
790 2587 815 2641 si
835 2589 892 2656 qub

103 2686 162 2730 erat
190 2676 299 2745 longiis
333 2671 534 2745 prodeundum,
563 2679 612 2727 aut
644 2667 762 2726 celerius
791 2668 890 2738 recipi-

103 2756 215 2813 endum
250 2767 329 2814 tauta
368 2765 427 2813 erat
455 2756 555 2810 horum
583 2751 778 2810 exereindone
806 2750 890 2807 celer·

92 3104 194 3204 'X

404 3232 604 3307 w
