1936 3158
213 232 273 285 os
298 231 429 286 narro
456 230 774 302 GALL160‚LJB.1.
856 245 889 300 37

102 371 257 426 nuntiatum
281 379 332 440 est,
349 370 455 440 equites
472 371 604 430 Ariovisti
624 371 737 443 propius
754 373 889 426 tumulum

100 455 241 524 accedere,
254 464 281 509 et
294 455 331 507 ad
348 462 458 508 nostros
475 455 644 526 adequitare,
656 455 763 524 lapides
781 457 889 525 telaque

101 538 130 592 in
146 547 255 592 nostros
273 537 417 607 conjicere.
455 537 550 592 Caesar
566 538 697 608 loquendi
715 538 799 592 finem
816 539 890 607 iecit,

100 636 184 691 seque
196 621 234 674 ad
246 636 311 674 suos
322 618 438 690 recepit3
460 619 571 690 suisque
588 620 742 690 imperavit,
760 636 796 675 ne
814 622 889 690 quod

100 704 213 758 omnino
225 705 311 758 telum
324 703 352 756 in
364 703 459 757 hostes
473 704 624 772 rejicerent.
663 705 746 772 Nam,
759 703 812 758 etsi
830 704 889 758 sine

99 787 155 841 ullo
168 786 288 855 periculo
300 786 416 855 legionis
429 786 544 841 delectae
556 804 619 841 cum
629 786 752 857 equitatu
761 787 888 857 proelium

100 869 158 924 iore
169 869 289 936 videbat,
303 876 395 923 tamen
408 868 638 923 committendum
650 885 707 923 non
717 870 841 940 putabat,
850 879 887 936 ut,

100 952 187 1021 pulsis
198 952 333 1019 hostibus,
347 951 401 1005 dici
414 959 516 1021 posset,
528 967 576 1007 eos
595 954 631 1006 ab
650 969 680 1006 se
697 968 747 1021 per
764 952 848 1006 fidem
860 952 889 1006 in

100 1034 237 1104 colloquio
267 1033 476 1090 circumventos.
518 1037 703 1105 Posteaquam
733 1035 762 1089 in
791 1036 888 1104 vulgus

100 1117 218 1170 militum
242 1117 345 1172 elatum
369 1125 419 1184 est,
443 1122 499 1185 quai
522 1119 679 1187 arrogantia
703 1118 731 1172 in
754 1117 890 1188 colloquio

100 1200 254 1254 Ariovistus
265 1216 332 1253 usus
345 1199 420 1253 omni
434 1200 526 1253 Gallia
544 1202 678 1255 Romanis
697 1201 889 1270 interdixisset,

101 1281 289 1349 impetumque
301 1281 330 1334 in
348 1288 457 1334 nostros
476 1279 535 1348 ejus
553 1281 658 1350 equites
676 1281 783 1350 fecisse,
803 1299 889 1352 eaque

99 1378 143 1418 res
169 1362 336 1432 colloquium
359 1371 390 1417 ut
413 1362 584 1418 diremisset:
613 1364 700 1419 multo
720 1365 809 1435 major
832 1365 889 1420 ala·

100 1446 182 1501 critas
192 1445 369 1518 studiumque
377 1447 519 1515 pugnandi
531 1446 621 1517 majus
630 1448 749 1502 exercitu
758 1449 888 1519 injectum
942 1516 948 1536 .

100 1537 149 1584 est.

135 1613 253 1667 XLVII.
274 1612 363 1667 Biduo
375 1611 438 1682 post
450 1611 605 1666 Ariovistus
617 1612 653 1666 ad
667 1612 807 1666 Caesarem
817 1614 888 1682 lega-

100 1703 143 1749 tos
162 1695 245 1749 mittit
264 1694 354 1749 “velle
372 1711 403 1748 se
416 1695 451 1748 de
462 1694 506 1748 his
518 1696 609 1763 rebus,
622 1711 685 1763 quae
696 1695 768 1749 inter
782 1712 831 1749 eos
844 1697 889 1764 agi

100 1787 208 1847 coeptae,
225 1793 315 1846 neque
332 1776 462 1846 perfectae
480 1786 579 1844 essent,
597 1791 679 1846 agere
697 1794 761 1830 curn
780 1795 832 1833 eo:
850 1779 888 1833 uti

100 1870 148 1915 aut
166 1861 265 1914 iterum
283 1859 421 1929 colloquio
440 1858 515 1912 diem
532 1859 727 1925 constitueret;
744 1870 800 1929 aut,
819 1860 843 1916 si
860 1860 888 1915 id

101 1941 193 1995 minis
206 1942 295 2009 vellet,
308 1957 342 1995 ex
353 1941 410 1996 suis
423 1941 543 2011 aliquem
556 1943 593 1995 ad
605 1958 635 1997 se
647 1943 791 1997 mitteret”
827 1944 888 1998 Col·

100 2023 231 2094 loquendi
251 2024 355 2079 Caesari
374 2039 458 2078 causa
476 2023 536 2077 visa
555 2039 610 2077 non
624 2034 679 2092 est;
700 2035 728 2080 et
746 2041 779 2080 eo
791 2027 888 2096 magis,

101 2106 175 2177 quod
188 2106 276 2177 pridie
287 2106 346 2176 ejus
359 2105 414 2160 diei
428 2104 559 2160 Germani
569 2105 678 2161 retineri
687 2124 744 2160 non
753 2117 889 2177 poterant,

101 2191 168 2259 quin
180 2189 208 2243 in
221 2198 329 2245 nostros
342 2190 398 2244 tela
416 2188 590 2258 conjicerent
630 2190 762 2257 Legatum
781 2208 814 2246 ex
832 2193 888 2246 suis

102 2288 163 2327 sese
186 2288 288 2341 magno
312 2287 377 2326 cum
399 2271 521 2341 periculo
540 2271 577 2325 ad
596 2287 660 2326 eum
683 2272 841 2342 missurum,
862 2283 888 2327 et

101 2353 260 2408 hominibus
282 2354 347 2409 seris
376 2355 556 2424 objecturum,
581 2354 762 2410 existimabat
807 2356 888 2410 Corn·

102 2436 295 2490 modissimum
306 2437 396 2491 visum
409 2447 459 2504 est,
473 2436 572 2490 Caium
581 2437 722 2491 Valerium
735 2438 887 2507 Pmcillum,

103 2520 164 2574 Caii
182 2519 286 2573 Valerii
303 2519 404 2574 Caburi
419 2519 514 2588 filium,
528 2524 637 2572 summa
647 2519 747 2574 virtute
766 2529 794 2574 et
811 2521 887 2574 hum-

102 2602 206 2656 anitate
224 2600 543 2670 adolescentem-cujus
561 2609 674 2669 patera
693 2602 761 2657 Caio
779 2604 889 2658 Valerio

102 2685 204 2742 Flacco
223 2684 334 2739 civitate
352 2686 470 2738 donatus
489 2692 612 2738 erat-et
629 2693 741 2753 propter
761 2686 844 2740 tidem
862 2698 888 2740 er

101 2778 213 2840 propter
230 2768 333 2838 linguae
353 2767 471 2824 Gallicae
488 2765 652 2831 scientiam,
667 2772 729 2833 qun
741 2764 917 2820 mmm-‘xm
