1936 3158
198 216 257 269 oa
280 215 415 272 narro
440 216 718 286 uaruicum.
738 219 761 272 ι.
845 233 877 288 ις

84 353 159 423 quod
168 365 299 423 praestare
308 355 436 411 debeant
474 357 504 411 si
514 358 574 426 jam
583 357 768 426 principatum
779 359 878 413 Galliae

84 428 209 493 obtinere
220 454 278 492 non
290 438 405 507 possint,
421 439 572 508 Gallorum,
586 438 670 509 quam
687 441 877 493 Romanorum

84 519 200 588 Imperia
212 521 339 591 perferre,
349 520 435 575 satius
448 537 517 590 esse,
527 537 616 591 neque
629 521 756 575 dubitare
768 522 877 591 debere,

84 603 159 673 quin,
178 603 203 656 si
222 604 368 658 Helvetios
386 603 575 673 superaverint
594 604 723 673 Romani,
740 604 796 657 una
814 621 878 658 cum

84 685 190 754 reliqua
203 686 295 740 Gallia
309 685 410 740 AEduis
421 686 578 742 libertatem
596 687 652 740 sint
668 687 795 757 erepturi
831 687 878 742 Ab

84 765 184 821 iisdem
201 777 297 834 nostra
315 767 439 836 consilia,
452 779 569 838 quaeque
582 768 611 822 in
624 768 722 823 castrIs
740 778 877 838 gerantur,

65 849 211 922 hostibus
233 851 389 907 enuntiarit
409 852 461 906 hos
480 868 498 906 a
516 867 546 907 se
568 852 687 906 coerceri
709 867 766 904 non
786 869 877 920 posse.

85 932 254 1003 Quinetiam,
275 932 351 1004 quod
374 933 532 989 necessario
555 949 614 988 rem
636 942 750 987 coactus
773 935 878 988 Caesari

86 1015 243 1085 enuntiarit,
257 1016 409 1086 intelligere
420 1033 491 1086 sese,
504 1027 608 1086 quanto
627 1016 656 1071 id
674 1033 738 1071 cum
755 1017 878 1086 periculo

72 1097 187 1170 fecerit,
218 1107 246 1153 et
275 1100 312 1154 ob
341 1114 405 1154 eam
434 1114 557 1168 causam,
587 1100 719 1168 quamdiu
749 1101 878 1171 potuerit,

51 1230 53 1234 ,
84 1181 228 1235 tacuisse.''

120 1263 231 1318 XVIII.
252 1263 347 1317 Caesar
364 1261 418 1315 hac
436 1262 560 1317 oratione
580 1262 654 1317 Lisci
666 1265 876 1335 Dumnorigem,

86 1344 218 1400 Divitiaci
243 1345 363 1413 fratrem,
385 1343 524 1414 designari
546 1344 698 1400 sentiebat:
725 1347 782 1415 sed,
802 1347 877 1416 qubd

85 1428 209 1497 pluribus
227 1426 409 1496 praesentibus
421 1443 470 1482 eas
486 1444 530 1482 res
547 1426 646 1497 jactari
658 1428 778 1498 nolebat,
793 1430 876 1484 celer-

85 1511 137 1566 iter
155 1509 303 1565 concilium
320 1509 442 1578 dimittit,
465 1511 577 1566 Liscum
595 1512 710 1568 retInet:
728 1513 827 1581 quaerit
845 1530 877 1566 ex

86 1591 145 1646 solo
162 1607 204 1660 ea,
223 1608 286 1661 quae
306 1592 336 1645 in
357 1601 495 1647 conventu
516 1593 629 1647 dixerat.
667 1593 744 1648 Dicit
764 1593 877 1649 liberius

85 1683 169 1743 atque
192 1673 332 1728 audacius·
370 1674 479 1729 Eadem
501 1675 606 1729 secreto
625 1676 661 1730 ab
679 1676 741 1730 aliis
763 1680 861 1746 quaerit
868 1696 877 1743 3

85 1757 185 1826 reperit
214 1773 276 1811 esse
305 1773 377 1811 vera
419 1760 546 1826 “Ipsum
576 1760 875 1828 esse-Dumnorigem,

36 1835 40 1840 ’
85 1844 196 1894 summa
208 1838 333 1907 audacia,
345 1845 449 1907 magna
461 1839 535 1908 apud
547 1840 657 1908 plebem
673 1850 785 1910 propter
796 1842 876 1895 liber·

84 1922 209 1977 alitatem
233 1922 329 1990 gratia,
352 1921 483 1990 cupidum
507 1937 598 1976 rerum
623 1939 777 1977 novarum:
803 1941 876 1977 com·

84 2006 176 2075 plures
193 2021 282 2059 annos
300 2004 428 2073 portoria,
442 2005 602 2074 reliquaque
616 2006 710 2060 omnia
721 2008 876 2062 AEduorum

83 2092 238 2162 vectigalia,
251 2108 336 2160 parvo
348 2091 436 2161 pretio
449 2091 593 2160 redempta
607 2092 717 2161 habere,
731 2104 877 2162 propterea

84 2174 159 2244 quod
176 2175 223 2229 illo
241 2174 342 2228 licente
360 2179 459 2228 contra
476 2173 552 2228 liceri
571 2174 671 2228 audeat
689 2191 780 2230 nemo.
822 2178 876 2231 His

83 2258 165 2312 rebus
178 2267 205 2312 et
218 2275 298 2312 suam
311 2274 370 2312 rem
382 2256 546 2312 familiarem
560 2257 677 2325 auxisse,
691 2267 718 2312 et
731 2258 876 2314 facultates

83 2339 121 2393 ad
132 2340 306 2408 largiendum
318 2357 435 2408 magnas
448 2341 640 2410 comparlsse:
652 2356 786 2408 magnum
798 2358 876 2394 num·

83 2437 161 2477 erum
173 2422 311 2490 equitatus
324 2437 374 2475 suo
387 2431 499 2490 sumptu
511 2439 620 2491 semper
632 2423 706 2476 alere
725 2433 753 2477 et
773 2423 877 2476 circum

83 2521 115 2560 se
138 2505 256 2560 habere:
280 2519 370 2572 neque
394 2502 484 2557 solum
508 2505 592 2574 domi,
617 2505 667 2559 sed
694 2505 778 2559 etiam
803 2507 877 2575 apud

83 2588 215 2642 finitimas
234 2586 360 2640 civitates
379 2586 489 2654 largiter
507 2602 604 2654 posse:
626 2598 710 2657 atque
724 2588 804 2657 hujus
817 2600 876 2660 pot·

84 2671 166 2726 entiae
186 2675 273 2725 causa
293 2678 412 2723 matrem
439 2669 468 2721 iu
496 2667 676 2736 Biturigibus,
691 2672 809 2723 homiui
823 2673 891 2719 'mxu

83 2755 256 2812 nobilissimo
275 2772 309 2814 ac
326 2753 540 2830 potentissimo,
556 2753 723 2809 collocasse
728 2769 742 2802 ·.
753 2752 867 2812 'xum
881 2754 922 2784 ἱ*
