1950 3384
213 240 271 294 na
294 240 427 295 aaran
453 239 633 306 carrica,
652 238 727 291 ara.
746 237 769 292 1.
853 249 888 305 39

99 381 160 449 ltas,
191 390 229 449 ut,
257 380 331 450 jubis
362 395 493 449 equorum
527 377 670 444 sublevati,
702 392 811 431 cursum
838 376 885 430 ad·

98 472 246 532 aequarent.

133 545 235 598 XLIX
257 543 314 599 Ubi
332 559 395 597 eum
413 542 511 596 castris
531 558 560 596 se
579 550 673 596 tenere
694 541 789 595 Caesar
809 539 886 594 intel-

98 626 170 694 lexit,
183 642 219 681 ne
237 625 338 680 diutihs
358 634 513 679 commeatu
531 624 729 695 prohiberetur,
740 624 812 677 ultra
824 639 887 677 eum

98 711 198 779 locum,
217 726 272 780 quo
290 710 319 762 in
337 710 399 764 loco
418 708 550 763 Germani
571 707 761 776 consederant,
781 707 888 761 circiter

98 798 197 863 passus
222 801 365 848 sexcentos
388 793 425 846 ab
449 792 498 861 eis,
522 791 620 845 castris
643 790 775 846 idoneum
794 791 887 843 locum

99 876 208 945 delegit,
232 875 347 945 acieque
370 874 471 944 triplici
493 875 628 928 instructa
648 870 686 927 ad
706 886 771 927 eum
794 872 887 926 locum

98 957 180 1011 venit.
218 956 339 1010 Primam
357 967 386 1011 et
403 956 554 1010 secumdam
571 955 660 1009 aciem
677 955 707 1008 in
719 955 804 1008 armis
816 970 887 1021 esse,

99 1039 208 1094 tertiam
225 1049 317 1094 castra
334 1039 442 1094 munire
456 1039 545 1107 jussit
583 1037 640 1091 Hic
657 1037 735 1091 locus
752 1039 789 1090 ab
806 1037 887 1091 hoste

99 1121 206 1176 circiter
224 1126 323 1191 passus
344 1130 496 1189 sexcentos,
515 1120 555 1174 uti
579 1119 684 1173 dictum
707 1127 758 1188 est,
782 1120 885 1173 aberat.

100 1203 143 1258 Εὸ
162 1203 269 1258 circiter
286 1203 430 1257 hominum
448 1218 562 1257 numero
580 1201 720 1262 sexdecim
737 1201 824 1254 millia
841 1217 887 1255 ex·

98 1285 193 1356 pedita
210 1301 275 1339 cum
292 1285 368 1338 omni
391 1285 514 1355 equitatu
538 1283 693 1338 Ariovistus
716 1283 800 1351 misit,
824 1299 887 1352 quae

99 1366 187 1437 copiae
199 1375 308 1421 nostros
315 1375 496 1437 perterrerent
505 1375 533 1421 et
540 1365 694 1420 munitione
701 1366 885 1434 prohiberent.

100 1450 195 1504 Nihilo
208 1449 298 1504 secius
309 1450 411 1520 Caesar,
419 1458 449 1504 ut
457 1458 522 1503 ante
532 1448 717 1515 constituerat,
730 1448 800 1502 duas
812 1448 887 1502 acies

99 1533 207 1587 hostem
230 1533 398 1603 propulsare,
423 1531 533 1586 tertiam
556 1547 626 1601 opus
645 1530 776 1601 perlicere
796 1530 886 1601 jussit.

100 1615 217 1670 Munitis
229 1614 335 1685 castris,
348 1616 417 1670 duas
430 1615 468 1670 ibi
479 1614 603 1683 legiones
621 1613 729 1683 reliquit
741 1622 768 1667 et
780 1622 888 1683 partem

99 1697 277 1754 auxiliorum:
295 1707 412 1768 quatuor
430 1697 549 1767 reliquas
567 1697 596 1750 in
615 1706 705 1750 castra
723 1696 829 1766 majora
847 1712 887 1750 re·

99 1780 183 1836 duxit.

135 1863 165 1917 L
186 1861 314 1915 Proximo
332 1861 386 1930 die,
410 1859 535 1914 instituto
555 1875 615 1927 suo,
641 1860 734 1914 Caesar
755 1875 771 1914 e
791 1860 888 1915 castris

100 1944 222 2013 utrisque
231 1943 325 2013 copias
335 1960 399 1998 suas
410 1942 502 1998 eduxit
510 1961 518 2008 ;
536 1942 888 2013 paulumqueamajoribus

100 2042 261 2096 progressus
281 2026 370 2082 aciem
393 2025 529 2095 instmxit,
547 2024 728 2096 hostibusque
746 2026 887 2096 pugnandi

100 2119 266 2180 potestatem
277 2109 349 2165 tecit
388 2109 445 2166 Ubi
463 2125 499 2163 ne
516 2117 575 2164 tum
593 2109 706 2179 quidem
718 2126 767 2164 eos
779 2109 889 2181 prodire

101 2192 240 2260 intellexit,
253 2192 362 2246 circiter
372 2190 518 2247 meridiem
530 2191 680 2246 exercitum
697 2191 727 2246 in
745 2200 836 2246 castra
848 2207 888 2246 re·

100 2275 184 2331 duxit.
221 2277 295 2330 Tum
319 2276 431 2331 demum
460 2274 615 2329 Ariovistus
645 2283 753 2344 partem
778 2290 889 2329 suarum

102 2357 252 2426 copiarum,
276 2374 339 2427 quae
362 2367 454 2412 castra
477 2357 585 2411 minora
606 2365 784 2427 oppugnaret,
806 2356 888 2411 misit

101 2439 209 2494 Acriter
221 2439 358 2508 utrimque
369 2455 456 2509 usque
468 2439 505 2493 ad
517 2455 663 2508 vesperum
674 2446 828 2508 pugnatum
839 2445 889 2492 est.

103 2521 176 2576 Solis
188 2536 289 2576 occasu
302 2537 366 2576 suas
379 2522 474 2589 copias
487 2521 649 2589 Ariovistus,
662 2521 756 2575 multis
769 2529 796 2576 et
808 2519 890 2575 illatis

102 2612 130 2657 et
142 2602 265 2671 acceptis
276 2602 443 2670 vulneribus,
456 2602 485 2655 in
498 2610 589 2657 castra
601 2602 715 2657 reduxit.
752 2604 846 2671 Quum
857 2617 890 2657 ex

101 2684 218 2754 captivis
235 2693 368 2754 quaereret
388 2685 491 2752 Caesar,
509 2701 593 2754 quam
612 2685 648 2739 ob
666 2701 725 2740 rem
736 2684 891 2741 Ariovistus

103 2767 198 2836 proelio
211 2784 267 2821 non
279 2767 439 2836 decertaret,
447 2769 520 2822 hanc
527 2768 679 2834 reperiebat
689 2766 895 2834 causamquhd
