1950 3384
204 224 264 277 os
285 223 417 278 nanto
442 223 621 303 Gannico,
641 222 758 277 Lini
841 234 875 290 33

92 378 276 432 magnamque
299 364 328 417 iu
352 380 430 432 spem
461 364 595 431 veniebat,
625 379 675 431 pro
705 361 761 416 suis
791 361 875 417 tantis

92 446 243 515 PopuIIque
261 446 380 499 Romani
392 447 421 499 in
438 462 502 501 eum
519 446 669 512 beneficiis,
688 444 806 513 cognitis
819 445 876 499 suis

51 528 58 547 ⁸
91 529 242 597 postulatis,
256 529 320 595 lore,
332 529 372 583 uti
385 529 536 598 pertinacia
548 527 701 583 desisteret.
739 527 808 581 Dies
821 528 875 581 col·

90 610 183 679 loquio
197 610 285 665 dictus
298 621 347 679 est,
359 627 393 666 ex
402 627 436 665 eo
444 611 491 665 die
501 611 621 680 quintus.
659 608 782 677 Interim,
792 625 876 678 quum

92 708 167 760 saepe
185 694 255 746 ultro
280 692 402 764 citroque
424 694 507 762 legati
531 694 602 747 Inter
626 709 673 747 eos
698 692 877 760 mitterentur,

91 776 245 830 ArIovistus
256 777 412 845 postulavit,
424 792 460 831 ne
472 793 555 846 quem
571 775 693 845 peditem
706 775 743 828 ad
758 773 877 843 colloqu-

92 857 149 911 ium
162 858 257 912 Caesar
268 859 416 914 adduceret
420 879 429 926 ;
450 859 569 913 “Vereri
589 875 628 925 se,
641 874 677 912 ne
693 874 742 926 per
762 856 877 910 insidias

93 941 128 994 ab
136 957 169 994 eo
177 941 553 1011 circumvenireturtuterque
562 940 754 1010 cumequitatu
762 939 877 994 veniret:

92 1022 147 1076 alia
157 1023 263 1078 ratione
278 1040 308 1077 se
326 1041 382 1078 non
400 1040 461 1078 esse
478 1023 646 1078 venturum.”
682 1024 784 1089 Caesar,
803 1021 877 1091 quod

91 1122 181 1174 neque
201 1106 367 1176 colloquium
386 1107 547 1174 interposita
569 1111 654 1160 causa
677 1105 736 1158 tolli
760 1104 879 1170 volebat,

93 1204 182 1257 neque
195 1189 311 1242 salutem
324 1206 403 1242 suam
414 1188 556 1242 Gallorum
565 1187 698 1257 equitatui
708 1185 879 1239 committere

92 1271 220 1338 audebat,
245 1271 499 1324 commodissimum
527 1285 588 1322 esse
617 1268 721 1336 statuit,
751 1267 881 1320 omnibus

93 1353 171 1422 equis
203 1353 289 1406 Gallis
319 1352 456 1422 equitibus
485 1351 623 1419 detractis,
653 1351 687 1406 eb
716 1349 881 1419 legionarios

94 1435 195 1488 milites
220 1435 334 1504 legionis
358 1435 483 1503 decimae,
506 1435 551 1488 cui
569 1434 654 1504 quam
671 1433 792 1488 maxime
816 1450 880 1487 con-

95 1518 206 1585 fidebat,
216 1518 363 1587 imponere,
373 1528 403 1573 ut
412 1517 571 1588 praesidium
580 1517 664 1586 quam
674 1517 880 1583 amicissimum,

96 1601 119 1652 si
143 1601 210 1669 quid
234 1618 303 1670 opus
327 1602 401 1655 facto
424 1610 506 1668 esset,
531 1600 652 1654 haberet
691 1600 773 1667 Quod
797 1615 882 1667 quum

96 1681 180 1749 fieret,
197 1700 253 1736 non
271 1684 408 1737 irridicule
425 1683 540 1752 quidam
558 1698 591 1734 ex
608 1680 742 1734 militibus
766 1680 883 1733 decimae

97 1763 212 1830 legionis
220 1765 300 1819 dixit:
312 1767 328 1794 “
335 1765 409 1832 Plus,
417 1763 501 1832 quam
508 1761 646 1831 pollicitus
653 1771 735 1828 esset,
744 1762 883 1815 Caesarem

98 1845 123 1898 ei
135 1845 237 1910 Iacere3
258 1845 418 1914 pollicitum,
436 1860 467 1899 se
484 1844 513 1896 in
531 1843 652 1897 cohortis
669 1843 805 1911 praetoriae
823 1843 884 1896 loco

99 1926 236 1980 decimam
254 1927 390 1995 legionem
407 1925 573 1994 habiturum,
586 1941 660 1979 nunc
677 1925 714 1978 ad
731 1941 832 1994 equum
844 1940 884 1980 re-

67 2008 241 2086 ΜΚ.»

132 2092 240 2146 XLIII.
260 2089 391 2144 Planities
412 2098 470 2145 erat
491 2105 601 2158 magna,
622 2097 649 2143 et
670 2089 699 2142 in
719 2094 753 2143 ea
764 2089 884 2143 tumulus

98 2183 220 2227 terrenus
233 2173 300 2227 satis
312 2172 431 2242 grandis.
470 2172 526 2226 Hic
538 2173 615 2226 locus
628 2189 709 2242 aequo
727 2171 784 2227 fere
796 2173 886 2240 spatio

99 2256 135 2309 ab
147 2257 243 2309 castris
256 2257 378 2326 utrisque
394 2257 496 2310 aberat
534 2254 586 2323 Eo,
599 2264 628 2308 ut
647 2263 705 2309 erat
724 2255 837 2322 dictum,
849 2254 886 2307 ad

99 2336 266 2407 colloquium
295 2347 435 2393 venerunt.
478 2337 628 2405 Legionem
665 2337 769 2404 Caesar,
803 2351 887 2403 quam

62 2435 64 2438 ’
100 2420 179 2489 equis
203 2421 355 2489 devexerat,
377 2420 505 2489 passibus
527 2419 652 2474 ducentis
674 2419 710 2472 ab
730 2434 764 2473 eo
783 2416 888 2471 tumulo

100 2502 250 2556 constituit.
288 2503 360 2557 Item
378 2502 484 2570 equites
508 2499 639 2554 Ariovisti
662 2499 722 2567 pari
744 2497 888 2551 intervallo

100 2584 289 2640 constiterunt
326 2583 490 2650 Ariovistus,
503 2598 536 2635 ex
545 2582 623 2651 equis
632 2588 661 2634 ut
671 2581 887 2649 colloquerentur

100 2677 136 2736 et,
149 2677 249 2738 praeter
264 2683 303 2736 se,
321 2667 408 2720 denos
426 2673 457 2719 ut
474 2665 511 2718 ad
529 2663 695 2733 colloquium
713 2663 888 2731 adducerent,

103 2749 258 2818 postulavit.
296 2748 354 2804 Ubi
373 2747 406 2802 eb
423 2755 536 2802 ventum
554 2755 604 2806 est.
624 2746 720 2802 Caesar
740 2744 818 2801 initio
830 2759 886 2800 ora

486 2842 507 2884 D
