1950 3384
105 336 139 386 40
316 321 344 376 c.
365 323 478 393 Juan
502 323 687 378 casaris

105 460 179 529 apud
204 461 358 514 Germanos
383 479 417 516 ea
441 464 611 517 consuetudo
634 472 716 533 esset,
737 473 766 518 ut
791 474 896 521 matres

105 541 216 596 familiae
228 559 323 597 eorum
336 545 455 599 sortibus
473 554 500 599 et
512 547 754 600 vaticinationibus
773 547 894 601 declara-

104 631 172 692 rent,
185 624 276 679 utrum
289 627 417 694 proelium
429 628 565 682 committi
577 644 610 683 ex
628 646 679 682 usu
697 637 779 698 esset,
791 646 897 687 necne:

105 723 152 760 eas
165 707 204 760 ita
222 708 321 777 dicere,
337 711 354 740 “
363 711 429 763 Non
447 725 508 765 esse
525 709 568 764 sas
582 711 737 765 Germanos
756 728 895 782 superare,

105 789 128 842 si
140 799 205 843 ante
217 807 319 844 novam
330 791 425 844 lunam
437 792 536 860 proelio
549 794 779 848 contendissent'’

142 872 187 926 Ll.
209 873 344 927 Postridie
362 873 421 942 ejus
438 873 494 928 diei
515 876 609 928 Caesar
627 875 756 944 praesidio
772 875 896 945 utrisque

106 954 212 1022 castris,
231 956 306 1024 quod
323 956 391 1010 satis
400 967 470 1010 'esse
483 957 573 1011 visum
591 968 642 1028 est,
655 959 763 1028 reliquit
769 977 776 1023 ;
798 974 896 1014 omnes

104 1034 204 1088 alarios
217 1035 244 1087 in
258 1045 407 1105 conspectu
424 1037 544 1091 hostium
557 1055 607 1106 pro
626 1039 724 1092 castris
741 1039 895 1094 minoribus

106 1118 358 1188 constituit—quod
370 1119 462 1175 minis
474 1121 648 1176 multitudine
661 1122 778 1175 militum
791 1121 894 1188 legion-

104 1200 224 1254 ariomm
232 1218 282 1271 pro
291 1203 716 1260 hostiumnumerovalebat-ut
725 1205 763 1259 ad
773 1205 893 1275 speciem

105 1284 197 1338 alariis
209 1294 336 1340 uteretur,
375 1288 447 1356 Ipse,
459 1287 558 1356 triplici
575 1289 709 1343 instructa
726 1288 795 1357 acie,
806 1304 895 1358 usque

105 1367 142 1420 ad
151 1375 243 1422 castra
251 1369 372 1423 hostium
380 1371 504 1424 accessit.
535 1372 609 1425 Tum
617 1371 729 1425 demum
737 1371 894 1425 necessario

107 1450 239 1503 Germani
252 1468 316 1505 suas
330 1452 424 1522 copias
443 1453 540 1506 castris
558 1453 718 1522 eduxerunt,
730 1453 893 1523 generatim·

105 1548 159 1601 que
176 1534 375 1587 constituerunt
396 1535 564 1604 paribusque
585 1535 735 1590 intervallis
755 1535 893 1603 Harudes,

106 1615 313 1683 Marcomanos,
351 1617 511 1686 Triboccos,
547 1618 714 1687 Vangiones,
751 1620 892 1686 Nemetes,

107 1698 246 1767 Sedusios,
261 1699 375 1765 Suevos,
388 1716 555 1770 omnemque
565 1701 655 1754 aciem
670 1717 749 1754 suam
760 1699 853 1753 rhedis
866 1710 891 1754 et

60 1790 63 1795 ’
106 1781 191 1835 carris
206 1781 453 1851 circumdederunt,
466 1800 501 1838 ne
515 1800 570 1852 qua
582 1799 645 1852 spes
657 1783 686 1836 in
699 1783 764 1850 fuga
776 1782 889 1851 relinqu·

105 1873 203 1919 eretur.
240 1864 284 1918 Εὸ
308 1865 436 1919 mulieres
459 1866 656 1935 imposuerunt,
674 1881 737 1935 quae
758 1865 786 1917 in
810 1866 892 1934 proel-

106 1946 163 1999 ium
184 1947 389 2016 proficiscentes
413 1949 514 2002 milites
538 1949 629 2018 passis
650 1948 771 2002 crinibus
795 1947 892 2002 flentes

105 2027 299 2098 implorabant,
311 2047 346 2084 ne
359 2030 425 2085 sein
435 2031 593 2085 servitutem
603 2030 735 2083 Romanis
745 2031 891 2084 traderent.

19 2143 35 2172 t,
141 2113 203 2167 LII.
224 2113 319 2166 Caesar
337 2113 451 2182 singulis
469 2113 623 2182 legionibus
642 2112 763 2180 singulos
786 2113 892 2180 legatos

105 2204 131 2248 et
149 2204 315 2264 quaestorem
332 2196 463 2266 praetecit,
481 2196 520 2249 uti
533 2211 581 2249 eos
599 2204 683 2249 testes
702 2210 759 2246 suae
777 2195 893 2262 quisque

105 2276 212 2330 virtutis
230 2278 351 2333 haberet„
390 2281 455 2348 Ipse
472 2295 490 2332 a
508 2277 603 2331 dextro
622 2292 714 2342 comu,
735 2274 809 2344 qubd
830 2292 891 2329 eam

106 2368 212 2428 partem
230 2360 345 2414 minime
363 2361 471 2414 firmam
488 2359 610 2414 hostium
629 2373 690 2412 esse
708 2357 832 2411 animum
845 2359 892 2411 ad·

105 2450 231 2510 verterat,
252 2444 380 2511 proelium
402 2442 547 2497 commisit
584 2443 629 2495 Ita
647 2440 734 2494 nostri
754 2442 852 2495 acriter
864 2442 893 2494 in

105 2523 208 2593 hostes,
221 2525 300 2593 signo
312 2525 385 2592 dato,
399 2525 532 2592 impetum
550 2523 681 2591 fecerunt,
694 2523 787 2592 itaque
798 2524 893 2576 hostes

105 2618 216 2675 repente
235 2608 411 2676 celeriterque
428 2615 628 2676 procurrerunt,
645 2616 677 2661 ut
695 2606 816 2676 spatium
836 2606 893 2674 pila

105 2688 134 2741 in
155 2691 248 2744 hostes
269 2689 433 2760 conjiciendi
452 2704 508 2741 non
527 2689 643 2743 daretur.
682 2689 802 2759 Rejectis
821 2687 892 2757 pilis,

106 2772 260 2827 comminus
289 2772 388 2841 gladiis
418 2780 572 2839 pugnatum
601 2782 662 2827 est:
692 2784 721 2827 at
752 2770 892 2837 Germani,

106 2854 228 2908 celeriter
245 2872 278 2910 ex
297 2854 495 2908 consuetudine
518 2860 569 2909 sua
585 2856 724 2923 phalange
742 2854 824 2919 facta,
842 2852 891 2906 im·

64 3026 378 3256 A

433 3340 588 3359 Q.-
