1950 3384
135 190 138 194 Δ
223 223 281 275 ua
305 223 438 279 sarto
464 224 645 290 carasco
663 226 782 279 arar.
864 235 896 291 41

109 367 188 431 petiis
208 363 364 432 gladiorum
387 374 560 432 exceperunt
598 364 710 432 Reperti
735 376 799 417 sunt
824 380 897 418 com·

108 445 199 514 plures
211 447 298 501 nostri
311 447 422 515 milites,
435 446 481 515 qui
497 447 526 500 in
544 445 698 515 phalangas
716 446 858 513 insilirent,
870 456 895 501 et

108 538 187 584 scuta
203 531 332 584 manibus
350 528 519 597 revellerent,
538 539 565 583 et
584 528 702 597 desuper
715 530 896 584 vulnerarent

109 613 201 681 Quum
213 612 335 666 hostium
346 611 420 665 acies
433 628 450 664 a
463 610 573 665 sinistro
586 626 671 663 comu
680 611 761 680 pulsa
773 620 856 680 atque
868 612 897 665 in

108 695 200 764 fugam
219 711 352 749 conversa
372 704 455 761 esset,
473 711 490 748 a
508 694 604 749 dextro
622 711 707 749 cornu
720 694 898 748 vehementer

108 778 281 832 multitudine
291 794 403 832 suorum
415 786 538 831 nostram
551 778 641 833 aciem
653 778 823 848 premebant
863 776 897 831 ld

107 876 192 929 quum
204 860 443 915 animadvertisset
457 861 570 915 Publius
590 862 706 916 Crassus
725 859 894 927 adolescens,

107 940 152 1008 qui
172 941 295 1010 equitatu
311 942 539 1012 praeerat-quiid
557 943 708 1013 expeditior
725 951 792 1010 erat,
811 940 895 1010 quam

106 1024 135 1074 hi
149 1023 196 1091 qui
215 1024 285 1076 inter
303 1025 393 1079 aciem
410 1025 735 1081 versabantur—tertiam
748 1024 837 1078 aciem
856 1025 894 1076 la·

106 1105 267 1158 borantibus
279 1106 381 1159 nostris
394 1107 518 1160 subsidio
529 1107 611 1162 misit

143 1187 221 1240 Llll.
242 1188 286 1239 lta
305 1187 430 1255 praelium
448 1189 603 1243 restitutum
623 1197 673 1256 est,
693 1198 777 1256 atque
797 1201 894 1240 omnes

56 1266 60 1273 '
107 1267 200 1321 hostes
220 1278 298 1335 terga
314 1277 460 1336 verterunt,
480 1284 568 1339 neque
585 1269 661 1337 priiis
678 1270 771 1338 fugere
783 1268 894 1322 destite-

107 1359 177 1413 runt,
193 1348 277 1419 quim
295 1349 332 1404 ad
350 1350 452 1403 flumen
469 1351 605 1416 Rhenum,
618 1351 705 1404 millia
717 1367 848 1421 passuum
861 1366 893 1406 ex

105 1449 139 1486 eo
152 1434 213 1486 loco
226 1432 335 1488 circiter
347 1433 554 1502 quinquaginta,
566 1434 747 1503 pervenerint.
778 1435 821 1490 lbi
834 1451 892 1504 per·

106 1516 185 1584 pauci
207 1525 263 1586 aut,
284 1516 388 1570 viribus
416 1515 522 1585 confisi,
547 1526 720 1573 transnatare
744 1520 892 1572 contende·

106 1609 175 1667 runt,
189 1609 245 1667 aut,
257 1599 383 1654 lintribus
395 1599 523 1669 inventis,
534 1601 586 1655 sibi
600 1601 717 1656 salutem
727 1611 891 1672 repererunt

108 1684 140 1733 ln
153 1682 196 1736 his
207 1682 258 1736 suit
270 1683 433 1752 Ariovistus,
445 1684 501 1753 qui,
514 1684 671 1738 naviculam
689 1683 838 1753 deligatam
856 1687 893 1739 ad

105 1763 194 1832 ripam
217 1773 324 1832 nactus,
349 1770 383 1818 ea
406 1764 540 1834 profugit:
565 1766 684 1836 reliquos
707 1783 804 1821 omnes
829 1783 893 1820 con·

106 1846 213 1914 sequuti
231 1846 337 1915 equites
355 1846 442 1900 nostri
460 1847 661 1903 interfecerunt.
698 1850 770 1902 Duae
785 1849 893 1903 fuerunt

106 1929 236 1982 Ariovisti
248 1945 354 1998 uxores,
364 1946 419 1982 una
432 1930 522 1984 Sueva
534 1930 655 1998 natione,
665 1947 748 1999 quam
760 1933 797 1984 ab
809 1932 892 1986 domo

106 2013 352 2076 secumeduxerat;
368 2012 455 2065 altera
467 2014 577 2080 Norica,
587 2013 658 2081 regis
668 2012 800 2066 Vocionis
808 2029 893 2083 soror,

106 2113 188 2164 quam
201 2095 230 2148 in
243 2095 334 2149 Gallia
352 2095 504 2164 duxerata
521 2096 604 2150 fratre
621 2096 751 2161 missam
769 2105 893 2166 utraeque

106 2179 131 2230 in
158 2184 192 2232 ea
218 2178 284 2246 fuga
307 2178 454 2248 periemnt.
492 2181 565 2233 Duae
588 2179 652 2233 filiae
676 2179 783 2248 harum,
807 2181 894 2234 altera

107 2261 206 2328 occisa,
219 2260 306 2314 altera
323 2270 406 2330 capta
423 2270 474 2315 est
512 2262 594 2316 Caius
606 2261 732 2316 Valerius
752 2262 893 2329 Procillus,

107 2359 191 2411 quum
210 2359 228 2395 a
250 2344 411 2397 custodibus
433 2345 462 2397 in
480 2344 546 2413 fuga
565 2344 643 2398 trinis
663 2343 768 2397 catenis
785 2344 894 2398 vinctus

109 2425 267 2491 traheretur,
279 2425 307 2477 in
320 2426 412 2494 ipsum
426 2427 573 2494 Caesarem,
585 2427 679 2481 hostes
698 2426 822 2494 equitatu
834 2443 892 2494 per·

108 2515 277 2574 sequentem,
289 2506 393 2562 incidit
432 2509 503 2576 Quae
520 2508 631 2577 quidem
649 2524 693 2562 res
714 2508 819 2562 Caesari
839 2525 893 2562 non

108 2589 250 2655 minorem,
269 2589 354 2657 quam
372 2590 434 2659 ipsa
453 2590 575 2658 victoria,
594 2591 764 2658 voluptatem
784 2591 892 2655 attulit;

108 2671 182 2740 qubd
203 2671 345 2725 hominem
369 2672 594 2727 honestissimum
617 2673 766 2742 provinciae
788 2674 894 2740 Gallia

109 2771 187 2808 suum
204 2753 367 2809 familiarem
387 2764 414 2810 et
434 2755 579 2824 hospitem,
598 2765 754 2824 ereptume
767 2758 907 2806 manum
