1950 3384
179 244 236 296 DE
259 242 392 296 BELLO
418 241 598 306 GALLICO,
617 241 692 293 LIB.
713 241 735 293 Ι.
818 253 850 307 19

64 383 166 437 instare
178 391 206 436 et
218 382 346 453 proelium
355 381 541 449 redintegrare
553 389 702 448 coeperunt.
731 373 850 431 Romani

64 481 197 519 conversa
214 465 295 532 signa
312 463 442 533 bipartito
455 463 619 516 intulerunt:
637 461 734 529 prima,
746 477 779 514 ac
792 478 850 517 sec-

65 547 140 600 unda
154 547 236 614 acies,
246 557 276 600 ut
285 546 366 600 victis
384 562 418 598 ac
431 543 576 598 summotis
589 542 743 607 resisteret3
762 543 849 613 tertia,

64 637 94 682 ut
105 629 247 683 venientes
260 629 403 697 exciperet.

99 711 205 764 XXVI.
234 712 277 764 Ita
304 709 417 778 ancipiti
444 708 542 777 proelio
569 706 616 759 diu
644 715 727 775 atque
754 707 852 762 acriter

64 802 217 862 pugnatum
235 802 284 848 est.
323 791 434 846 Diutius
454 808 538 860 quum
558 800 714 845 nostrorum
733 791 852 860 impetis

64 875 199 929 sustinere
224 891 281 927 non
306 883 428 944 possent,
447 874 525 928 alteri
547 890 584 941 se,
603 882 633 927 ut
654 883 803 942 coeperant,
823 873 852 926 in

64 967 189 1011 montem
219 966 397 1026 receperunt;
428 955 506 1010 alteri
533 955 570 1009 ad
599 956 798 1025 impedimenta
824 965 852 1010 et

65 1055 158 1094 carros
171 1056 235 1093 suos
248 1056 279 1093 se
291 1039 470 1093 contulerunt
509 1041 584 1091 Nam
602 1039 655 1091 hoc
672 1047 730 1092 toto
747 1039 853 1106 proelio,

65 1138 149 1190 quum
162 1123 198 1174 ab
211 1122 280 1174 hori
299 1122 416 1189 septimi
432 1120 468 1173 ad
481 1137 626 1190 vesperum
644 1130 796 1189 pugnatum
809 1121 853 1187 sit,

65 1220 192 1256 aversum
210 1204 318 1256 hostem
336 1203 429 1255 videre
447 1219 529 1255 nemo
548 1203 643 1270 potuit
680 1201 726 1254 Ad
737 1203 853 1255 multam

65 1294 176 1339 noctem
188 1285 321 1339 etiamad
333 1284 532 1352 impedimenta
544 1294 697 1352 pugnatum
710 1293 760 1353 est,
772 1302 853 1354 prop-

65 1377 141 1422 terea
159 1367 234 1436 quod
253 1384 303 1437 pro
323 1367 395 1419 vallo
415 1383 507 1420 carros
527 1367 692 1436 objecerant,
712 1376 772 1421 ete
791 1367 854 1421 loco

66 1450 205 1518 superiore
222 1449 251 1502 in
268 1458 377 1502 nostros
390 1449 530 1502 venientes
549 1450 604 1502 tela
622 1449 813 1517 conjiciebant,
826 1458 853 1504 et

66 1533 196 1600 nonnulli,
210 1533 283 1586 inter
295 1549 387 1586 carros
403 1542 539 1600 rotasque,
552 1542 672 1585 mataras
687 1547 720 1584 ac
733 1532 853 1600 tragulas

66 1615 248 1683 subjiciebant
274 1625 439 1682 nostrosque
463 1615 650 1667 vulnerabant.
689 1614 745 1666 Diu
769 1630 854 1681 quum

65 1707 138 1750 esset
165 1707 326 1766 pugnatum,
356 1697 562 1765 impedimentis
589 1695 741 1764 castrisque
767 1696 853 1749 nostri

66 1779 145 1847 potiti
158 1788 230 1833 sunt.
269 1779 312 1832 Ibi
327 1779 497 1846 Orgetorigis
510 1779 573 1845 filia,
586 1788 668 1847 atque
680 1795 750 1831 unus
763 1795 779 1831 e
791 1779 853 1832 filiis

66 1870 163 1929 captus
178 1870 228 1915 est
265 1863 309 1913 Ex
321 1877 354 1914 eo
366 1861 463 1929 proelio
479 1861 587 1914 circiter
605 1861 691 1913 millia
709 1861 853 1915 hominum

65 1952 176 1996 centum
194 1951 221 1996 et
239 1943 351 2010 triginta
372 1942 570 2011 superfuerunt,
589 1948 676 2012 eaque
695 1948 754 1997 tota
772 1952 853 1997 nocte

65 2023 237 2077 continenter
260 2023 363 2077 ierunt:
388 2024 492 2076 nullam
515 2033 622 2093 partem
647 2023 735 2078 noctis
757 2025 853 2078 itinere

65 2106 229 2175 intermisso,
242 2106 271 2158 in
287 2106 356 2160 fines
373 2106 527 2174 Lingonum
546 2107 591 2160 die
608 2115 705 2175 quarto
723 2123 851 2175 pervene-

65 2198 135 2256 runt,
148 2205 241 2258 quum,
254 2198 281 2241 et
299 2198 410 2257 propter
427 2190 543 2242 vulnera
560 2189 679 2242 militum
697 2198 725 2243 et
742 2199 853 2258 propter

64 2272 232 2339 sepulturam
251 2271 411 2338 occisorum,
431 2271 527 2356 nostri,
542 2271 663 2325 triduum
681 2272 789 2338 morati,
805 2288 852 2325 eos

64 2353 141 2421 sequi
160 2369 215 2405 non
234 2353 396 2422 potuissent
435 2354 530 2407 Caesar
547 2356 584 2407 ad
600 2355 741 2421 Lingonas
758 2354 852 2407 literas

63 2435 230 2504 nuntiosque
253 2435 338 2503 misit,
364 2452 400 2490 ne
423 2452 471 2489 eos
496 2437 633 2490 frumento
651 2452 721 2489 neve
745 2436 800 2488 alia
823 2453 852 2489 re

62 2520 206 2587 juvarent:
235 2518 282 2586 qui
308 2517 331 2570 si
353 2518 497 2586 juvissent,
523 2534 554 2571 se
579 2519 677 2572 eodem
701 2518 771 2583 loco,
796 2533 852 2586 quo

65 2597 216 2667 Helvetios,
225 2597 391 2651 habiturum
430 2598 600 2667 lpse,triduo
612 2597 778 2668 intermisso,
788 2615 851 2653 cum

63 2681 192 2734 omnibus
204 2679 291 2750 copiis
304 2696 352 2734 eos
365 2678 443 2748 sequi
456 2681 547 2749 coepit.

98 2765 217 2818 XXVII.
239 2762 368 2831 Helvetii,
381 2762 504 2816 omnium
519 2780 609 2818 rerum
622 2763 720 2831 inopia
729 2764 865 2818 annuens

442 2855 477 2886 G!
