1950 3384
89 227 122 264 ιο
298 211 327 266 c.
347 209 462 282 Jurrr
486 210 671 265 causamn

87 350 204 405 adeum
222 350 350 405 mittunt:
372 350 449 420 cujus
467 351 613 420 legationis
632 351 733 404 Divico
751 350 879 420 princeps

87 433 146 501 fuit,
155 432 203 501 qui
215 433 288 486 bello
299 433 434 487 Cassiano
447 434 502 486 dux
512 432 705 487 Helvetiorum
717 432 813 486 fuerat.
851 435 880 487 Is

88 517 127 570 ita
139 531 202 569 cum
213 516 324 570 Caesare
337 515 410 584 agit:
424 518 439 548 “
451 516 481 573 Si
493 531 592 584 pacem
605 514 726 584 Populus
736 517 880 570 Romanus

88 615 152 654 cum
166 597 303 652 Helvetiis
321 597 432 666 laceret,
445 598 475 652 in
487 614 549 653 eam
567 607 675 667 partem
693 599 778 653 ituros
796 607 880 667 atque

88 681 127 735 ibi
145 681 250 734 futuros
270 680 422 750 Helvetios,
441 681 489 735 nbi
510 697 558 735 eos
578 681 673 734 Caesar
694 680 881 735 constituisset

89 773 172 833 atque
182 779 244 817 esse
253 764 384 818 voluisset
394 782 400 819 :
412 763 456 817 sin
465 763 538 818 bello
548 763 675 832 persequi
685 773 880 832 perseveraret,

89 845 309 900 reminisceretur
320 855 348 900 et
360 845 459 900 veteris
472 845 641 900 incommodi
652 846 750 914 Populi
760 845 880 899 Romani

89 938 116 983 et
130 928 255 997 pristinae
270 928 378 982 virtutis
392 929 590 983 Helvetiorum
629 927 712 997 Qubd
729 928 880 998 improviso

90 1028 174 1064 unum
196 1028 299 1079 pagum
320 1011 433 1065 adortus
454 1019 535 1078 esset,
557 1026 643 1080 quum
664 1011 692 1080 ii,
711 1011 758 1080 qni
778 1012 881 1065 flumen

91 1094 263 1161 transissent,
277 1093 334 1148 suis
351 1093 483 1147 auxilium
500 1092 570 1148 ferre
587 1110 644 1147 nou
662 1102 784 1162 possent,
796 1110 832 1147 ne
845 1094 881 1147 ob

90 1193 153 1232 eam
171 1193 229 1232 rem
247 1186 295 1231 aut
314 1193 372 1231 suae
388 1192 557 1246 magnopere
574 1175 668 1230 virtuti
685 1176 817 1230 tribueret
834 1184 881 1229 aut

91 1260 166 1329 ipsos
188 1259 356 1329 despiceret:
381 1277 412 1315 se
432 1260 472 1314 ita
492 1276 510 1313 a
530 1259 655 1328 panibus
676 1259 882 1328 majoribusque

91 1343 148 1395 suis
173 1342 312 1409 didicisse,
336 1350 366 1396 ut
390 1342 480 1411 magis
504 1341 612 1409 virtute,
636 1340 721 1410 quarn
745 1341 809 1395 dolo
834 1349 881 1395 ant

91 1424 206 1491 insidiis,
225 1425 383 1479 niterentur.
426 1425 518 1492 Quare
539 1439 574 1477 ne
594 1423 788 1491 committeret,
805 1431 836 1477 ut
857 1424 881 1477 is

90 1499 176 1577 locus,
184 1507 231 1560 ubi
240 1505 437 1574 constitissent,
446 1522 480 1559 ex
487 1505 646 1560 calamitate
655 1505 752 1574 Populi
761 1505 881 1559 Romani

91 1599 119 1645 et
139 1589 326 1644 internecione
344 1588 478 1643 exercitiis
495 1604 598 1643 nornen
618 1596 739 1658 caperet,
757 1596 806 1642 aut
824 1605 881 1642 me·

92 1674 210 1728 moriam
222 1671 374 1742 proderet.”

126 1758 203 1812 XIV.
225 1756 278 1811 His
293 1757 388 1810 Caesar
406 1755 445 1810 ita
463 1753 621 1823 respondit:
639 1755 656 1785 “
668 1754 712 1807 Eo
725 1753 777 1807 sibi
790 1753 881 1807 minus

92 1838 271 1893 dubitationis
284 1838 352 1908 dari,
366 1838 441 1909 qubd
453 1854 501 1891 ras
513 1854 566 1906 res,
579 1854 648 1907 quas
664 1836 747 1906 legati
761 1836 883 1891 Helvetii

92 1921 364 1989 commemorassent,
404 1920 539 1974 memoria
570 1929 697 1975 teneret:
733 1929 818 1989 atque
848 1935 882 1973 eo

91 2004 202 2073 gravius
226 2003 303 2072 ferre,
326 2019 381 2072 quo
402 2001 495 2056 minis
521 2002 620 2057 merito
642 2003 740 2071 Populi
762 2001 882 2055 Romani

92 2087 259 2140 accidissent
266 2104 274 2151 ;
299 2085 392 2154 quisi
413 2084 529 2154 alicujus
553 2085 660 2154 injuriae
681 2084 733 2138 sibi
755 2085 883 2138 conscius

92 2169 262 2236 missenum
274 2167 359 2222 fuisse
371 2166 483 2221 difficile
494 2183 592 2221 cavere
599 2187 607 2232 ;
620 2168 670 2221 sed
682 2184 716 2222 eo
728 2168 882 2237 deceptum,

93 2251 167 2321 qubd
192 2265 282 2319 neque
306 2249 487 2303 commissum
511 2265 529 2302 a
553 2266 583 2302 se
608 2249 776 2318 intelligeret,
799 2267 884 2319 quare

94 2335 215 2399 timeret;
228 2349 319 2402 neque
328 2332 389 2386 sine
399 2331 647 2386 causatimendum
656 2342 772 2400 putaret
801 2333 884 2402 Quod

94 2418 117 2472 si
136 2417 235 2471 veteris
258 2415 433 2470 contumeliae
454 2415 579 2470 oblivisci
598 2416 691 2481 vellet;
715 2432 782 2468 num
801 2416 884 2470 etiam

95 2501 245 2556 recentium
262 2499 432 2571 injuriarum,
446 2498 520 2568 qnbd
533 2515 566 2552 eo
579 2498 665 2552 invito
683 2498 734 2553 iter
751 2515 801 2569 per
819 2500 884 2553 Pro·

94 2583 213 2637 vinciam
240 2583 369 2654 pervim
394 2583 554 2651 tentassent,
577 2582 651 2652 qnbd
672 2582 788 2650 AEdnos,
810 2580 885 2651 qnbd

96 2666 254 2734 Ambarros,
273 2667 348 2736 qubd
366 2668 531 2734 Allobrogas
549 2666 703 2732 vexassent,
722 2663 885 2718 memoriam

96 2748 231 2817 deponere
243 2751 345 2817 posse?
383 2749 464 2817 Qubd
477 2755 527 2801 sua
539 2747 654 2802 victoria
666 2756 724 2800 tam
736 2746 886 2803 insolenter
