1950 3384
171 222 229 276 oa
254 223 385 278 ascio
412 223 731 290 Gallicanas
813 236 844 290 17

58 363 173 416 instruit.
212 362 357 430 Labienus,
366 371 396 416 ut
408 371 467 416 erat
480 363 504 415 ei
517 371 687 432 praeceptum
699 377 717 416 a
727 362 845 431 Caesare,

57 461 93 499 ne
111 445 239 514 proelium
261 445 453 513 committeret,
472 445 525 497 nisi
544 445 630 512 ipsius
652 445 740 513 copiae
761 461 846 515 prope

58 528 179 580 hostium
192 536 283 581 castra
292 527 359 579 visae
372 536 472 594 essent,
483 535 512 579 ut
522 527 644 595 undique
656 543 711 579 uno
724 536 847 595 tempore

58 610 87 663 in
108 610 202 662 hostes
224 609 342 679 impetus
364 609 449 676 fieret,
468 618 563 662 monte
585 617 719 677 occupato
738 620 847 664 nostros

58 692 236 760 exspectabat
254 692 408 760 proelioque
423 692 587 745 abstinebat„
626 692 716 745 Multo
729 692 847 761 denique

58 775 105 828 die
123 791 173 842 per
192 775 377 843 exploratores
398 774 492 827 Caesar
510 773 640 841 cognovit
653 784 680 827 et
695 785 819 828 montem
831 793 848 828 a

59 855 116 910 suis
137 857 231 924 teneri,
253 865 281 911 et
303 856 447 909 Helvetios
470 865 560 909 castra
580 856 707 924 movisse,
726 866 753 910 et
776 858 847 910 Con-

59 938 168 1005 sidium,
187 938 285 992 timore
303 939 484 1006 perterritum,
496 939 571 1006 quod
589 954 645 991 non
663 938 785 1007 vidisset,
798 956 845 1008 pro

56 1019 119 1075 ‘viso
132 1020 184 1073 sibi
197 1020 375 1074 renuntiasse
413 1022 456 1073 Eo
469 1021 520 1088 die,
534 1036 589 1090 quo
602 1030 747 1075 consuerat
766 1022 844 1075 inter·

59 1103 140 1171 vallo,
162 1103 255 1156 hostes
277 1103 407 1172 sequitur,
429 1111 457 1156 et
477 1103 564 1156 millia
584 1119 717 1172 passuum
737 1113 791 1157 trra
811 1106 847 1158 ab

59 1201 154 1239 eorum
167 1185 264 1238 castris
278 1194 368 1238 castra
379 1186 464 1252 ponit.

74 1284 76 1293 ·
94 1268 206 1320 XXIII.
227 1267 363 1320 Postridie
375 1268 433 1335 ejus
446 1267 507 1334 diei,
522 1265 596 1335 qubd
609 1267 721 1320 omnino
733 1268 847 1321 biduum

60 1357 212 1418 supererat,
232 1365 317 1418 quum
329 1349 449 1402 exercitu
461 1347 628 1402 frumentum
649 1349 739 1403 metiri
758 1359 847 1417 oport·

59 1440 125 1499 eret,
145 1439 173 1485 et
192 1430 267 1501 quod
283 1446 301 1484 a
315 1432 452 1499 Bibracte,
473 1431 575 1499 oppido
593 1431 749 1487 AEduorum
767 1432 848 1501 longe

10 1510 11 1513 ’
59 1513 181 1566 maximo
207 1522 236 1567 et
262 1512 461 1582 copiosissimo,
492 1530 548 1566 non
579 1514 697 1582 amplitis
726 1514 848 1568 millibus

59 1611 192 1664 passuum
216 1595 371 1649 octodecim
395 1597 499 1664 aberat,
520 1595 558 1650 rei
580 1596 765 1651 frumentariae
786 1614 848 1665 pro·

59 1677 232 1746 spiciendum
247 1677 422 1746 existimavit,
434 1677 486 1731 iter
498 1678 534 1731 ab
548 1678 684 1733 Helvetiis
696 1679 802 1746 avertit,
814 1695 848 1733 ac

60 1759 190 1813 Bibracte
201 1758 241 1813 lre
253 1759 402 1813 contendit
441 1760 486 1812 Ea
502 1775 546 1813 res
564 1775 614 1830 per
628 1760 757 1828 fugitivos
771 1761 848 1815 Lucii

60 1840 174 1907 AEmilii,
204 1840 359 1894 decurionis
388 1839 512 1909 equitum
543 1841 693 1910 Gallorum,
722 1843 847 1896 hostibus

60 1917 207 1977 nuntiatur.
245 1921 376 1991 Helvetii,
399 1937 447 1976 seu
469 1923 544 1994 quod
569 1924 666 1978 timore
690 1926 848 1993 perterritos

61 2007 204 2062 Romanos
229 2003 372 2059 discedere
389 2021 407 2058 a
425 2021 456 2060 se
477 2005 673 2076 existimarent,
695 2023 728 2061 eo
750 2008 848 2076 magis,

60 2087 134 2159 quod
152 2087 248 2157 pridie,
264 2087 449 2156 superioribus
466 2089 534 2142 locis
553 2089 703 2158 occupatis,
720 2089 848 2159 proelium

60 2188 116 2225 non
134 2171 369 2237 commovissent;
395 2171 453 2226 sive
471 2171 513 2241 ed,
531 2172 606 2242 qudd
624 2188 654 2227 re
671 2172 849 2226 frumentaria

60 2254 204 2308 intercludi
226 2269 310 2322 posse
330 2252 515 2318 confiderent3
541 2263 710 2308 commutato
732 2254 848 2308 consilio

60 2346 142 2405 atque
155 2336 251 2390 itinere
265 2351 407 2404 converso,
419 2344 528 2390 nostros
541 2353 558 2390 a
569 2336 720 2390 novissImo
738 2335 849 2404 agmine

60 2418 166 2486 insequi
180 2434 213 2472 ac
225 2418 360 2472 lacessere
373 2408 522 2486 coeper'unt.

94 2500 199 2553 XXIV.
220 2501 371 2568 Postquam
396 2500 426 2553 id
450 2499 574 2553 animum
601 2499 726 2567 advertit,
754 2498 849 2568 copias

60 2599 124 2637 suas
148 2583 243 2636 Caesar
265 2581 293 2634 in
315 2581 471 2651 proximum
493 2583 591 2636 collem
616 2582 752 2652 subducit,
774 2582 849 2650 equi·

60 2673 209 2733 tatumque,
228 2664 275 2733 qui
293 2664 440 2718 sustineret
461 2663 583 2717 hostium
605 2663 747 2732 impetum,
764 2664 846 2720 misit

63 2748 126 2816 Ipse
148 2746 258 2801 interim
282 2746 310 2800 in
333 2747 402 2801 colle
424 2746 517 2802 medio
539 2745 675 2815 triplicem
697 2746 787 2801 aciem
808 2747 848 2800 ln·
937 2762 938 2765 ¹

443 2836 463 2882 0
509 2857 512 2861 .
