1950 3384
110 194 113 201 '
205 203 264 258 aa
287 202 422 258 batto
447 202 768 272 enucleatam.
851 214 880 255 n

89 341 278 412 gloriarentur,
306 342 435 411 qubdque
463 341 569 395 tamdiu
594 357 624 395 se
648 341 761 411 impune
787 340 884 397 tulisse

89 425 203 496 injurias
221 424 431 492 admirarentur,
449 425 547 478 eodem
566 424 717 493 pertinere:
735 425 884 480 consuesse

89 511 164 566 enim
188 509 257 563 deos
281 507 459 576 immortales,
484 508 539 578 qud
563 507 675 576 gravida
699 508 826 562 homines
850 525 883 563 ex

89 591 307 648 commutatione
334 607 426 646 rerum
456 591 577 659 doleant,
605 606 675 660 quos
702 608 752 660 pro
780 591 883 646 scelere

89 691 184 730 eorum
202 675 298 729 ulcisci
316 675 409 742 velint,
422 674 466 727 his
485 673 663 728 secundiores
681 672 820 728 interdum
838 689 882 728 res

89 766 117 813 et
129 757 328 812 diuturniorem
340 758 534 826 impunitatem
546 758 704 811 concedere
744 757 836 825 Quum
849 773 882 811 ea

89 840 129 894 ita
145 840 208 907 sint,
221 849 324 908 tamen,
337 840 360 894 si
374 839 486 894 obsides
498 839 534 893 ab
546 839 581 892 iis
594 839 646 892 sibi
663 839 770 907 dentur,
783 839 822 892 uti
840 855 882 907 ea,

89 938 152 991 quae
164 923 353 992 polliceantur,
366 921 486 976 facturos
502 922 644 990 intelligat,
657 930 685 976 et
698 922 720 976 si
733 922 833 975 AEduis
846 923 881 977 de

89 1004 203 1073 injuriis,
215 1021 285 1073 quas
297 1004 365 1073 ipsis
382 1005 520 1073 sociisque
538 1021 633 1058 eorum
652 1004 801 1072 intulerint,
814 1005 880 1059 item

89 1086 113 1139 si
133 1087 327 1154 Allobrogibus
353 1086 532 1154 satisfaciant,
554 1102 616 1140 sese
639 1102 702 1140 cum
727 1086 760 1138 iis
781 1102 880 1154 pacem

89 1183 151 1222 esse
162 1167 322 1222 facturum.”
358 1169 459 1222 Divico
475 1169 633 1237 respondit:
651 1169 668 1198 “
679 1169 723 1222 Ita
736 1168 880 1222 Helvetios

88 1250 266 1319 amajoribus
276 1251 333 1304 suis
343 1251 482 1305 institutos
495 1267 565 1320 esse,
572 1250 612 1305 uti
622 1250 733 1304 obsides
746 1251 880 1320 accipere,

88 1351 145 1389 non
163 1335 237 1401 dare,
251 1335 424 1390 consuerint:
442 1335 500 1405 ejus
516 1336 555 1390 rei
573 1335 708 1404 Populum
722 1338 879 1390 Romanum

88 1431 151 1472 esse
162 1416 286 1471 testem’'
323 1417 386 1470 Hoc
399 1432 532 1486 responso
544 1417 618 1484 dato,
632 1417 766 1474 discessit

123 1500 184 1553 XV.
207 1501 319 1553 Postero
332 1499 377 1554 die
389 1509 480 1554 castra
492 1517 526 1554 ex
538 1516 571 1554 eo
583 1500 646 1554 loco
658 1510 786 1555 movent:
804 1501 879 1556 idem

88 1581 154 1635 lacit
177 1582 286 1648 Caesar3
311 1582 518 1652 equitatumque
539 1599 658 1650 omnem,
678 1583 714 1636 ad
734 1599 879 1637 numerum

88 1673 205 1733 quatuor
217 1663 341 1733 millium,
352 1679 435 1733 quem
447 1681 481 1718 ex
493 1665 568 1718 omni
583 1664 729 1719 Provincia
742 1675 768 1718 et
778 1665 879 1720 AEduis

88 1754 171 1815 atque
183 1761 279 1799 eorum
292 1746 374 1799 sociis
388 1755 514 1801 coactum
526 1746 656 1813 babebat,
669 1747 818 1815 praemittit,
831 1747 879 1817 qui

88 1828 208 1896 videant,
226 1845 295 1897 quas
316 1829 346 1881 in
366 1838 458 1898 partes
480 1830 574 1883 hostes
596 1828 647 1883 iter
666 1828 777 1885 saciant
816 1829 878 1900 Qui,

88 1911 215 1980 cupidiirs
234 1911 415 1965 novissimum
433 1928 534 1981 agmen
552 1911 697 1982 insequuti,
710 1912 801 1967 alieno
817 1912 878 1969 loco

88 2010 153 2048 cum
174 1995 297 2063 equitatu
320 1995 511 2049 Helvetiorum
535 1995 663 2065 proelium
687 1996 879 2062 committunt3

88 2085 116 2130 et
137 2078 218 2145 pauci
240 2078 276 2132 de
295 2078 395 2131 nostris
421 2079 530 2132 cadunt.
569 2079 631 2147 Quo
655 2079 754 2147 proelio
778 2078 878 2132 sublati

59 2212 61 2217 .
90 2159 219 2227 Helvetii,
239 2159 314 2229 quod
332 2160 489 2229 quingentis
507 2161 645 2230 equitibus
663 2170 770 2215 tantam
788 2162 878 2215 multi-

89 2241 214 2296 tudinem
232 2244 355 2311 equitum
373 2244 558 2314 propulerant,
570 2243 703 2297 audacius
721 2245 878 2311 subsistere,
931 2295 933 2299 .

89 2341 288 2393 nonnunquam
300 2342 334 2378 ex
346 2327 498 2379 novissimo
517 2326 628 2394 agmine
652 2327 750 2394 proelio
770 2337 879 2379 nostros

89 2409 233 2474 lacessere,
246 2417 396 2477 coeperunt
435 2410 529 2463 Caesar
541 2425 605 2461 suos
618 2424 635 2461 a
647 2409 745 2476 proelio
758 2408 879 2462 contine·

89 2491 146 2558 bat,
160 2507 193 2544 ac
207 2490 274 2543 satis
287 2491 408 2544 habebat
427 2491 455 2543 in
474 2490 623 2557 praesentia
639 2490 749 2542 hostem
767 2489 880 2559 rapinis,

89 2572 323 2641 pabulationibus,
342 2572 628 2641 populationibusque,
647 2571 798 2640 prohibere,
837 2575 880 2628 lta

91 2655 150 2709 dies
180 2655 288 2707 circiter
317 2653 476 2722 quindecim
506 2654 557 2708 iter
586 2652 717 2723 lecerunt,
744 2655 784 2709 uti
811 2656 881 2711 inter

91 2736 273 2790 novissimum
296 2737 418 2790 hostium
443 2751 544 2804 agmen
565 2745 592 2791 et
613 2745 738 2791 nostrum
761 2739 881 2807 primum
