1950 3384
116 238 134 290 ε
329 235 358 290 e.
378 234 494 305 Juurr
515 233 701 290 causamn

117 375 272 446 proximum
284 375 335 429 her
344 374 373 428 in
382 374 540 430 ulteriorem
553 374 674 429 Galliam
681 387 730 443 per
742 373 827 442 Alpes
840 386 906 443 erat,

116 476 180 514 cum
204 458 248 512 his
273 459 395 529 quinque
415 459 571 528 legionibus
596 458 636 513 ire
660 457 811 512 contendit.
862 458 932 511 lbi·

117 542 279 610 Ceutrones,
293 550 321 595 et
334 541 481 610 Graioceli,
489 550 518 596 et
528 540 679 608 Caturiges,
688 539 757 593 locis
771 539 907 608 superior·

117 624 178 679 ibus
198 625 347 694 occupatis,
362 624 461 680 itinere
478 624 628 679 exercitum
645 623 793 692 prohibere
805 637 907 676 conan-

117 715 168 762 tur.
200 708 394 776 Compluribus
403 707 447 762 his
457 707 561 777 proeliis
573 706 669 776 pulsis,
679 707 715 761 ab
726 706 821 774 Ocelo,
831 707 908 776 quod

116 799 160 846 est
172 790 305 845 citerioris
326 791 479 845 Provinciae
497 799 660 860 extremum,
673 789 701 842 in
715 789 784 844 fines
796 789 907 844 Vocon-

39 866 41 869 ’
116 873 218 927 tiorum
233 873 369 928 ulterioris
390 873 543 928 Provinciae
564 873 609 928 die
627 872 746 942 septimo
763 871 905 942 pervenit3

116 955 183 1009 inde
211 954 240 1008 in
271 955 452 1024 Allobrogum
481 955 573 1012 fines:
599 957 636 1010 ab
661 954 857 1024 Allobrogibus
878 954 907 1008 in

118 1036 287 1105 Segusiauos
305 1037 455 1092 exercitum
475 1037 558 1092 ducit
597 1037 637 1090 Hi
659 1045 723 1091 sunt
743 1046 819 1091 extra
841 1038 906 1090 Pro·

116 1119 238 1173 vinciam
249 1129 327 1174 trans
340 1119 510 1174 Rhodanum
519 1120 608 1190 primi.

151 1203 203 1257 Xl.
225 1203 346 1257 Helvetii
355 1203 416 1274 jam
427 1217 477 1272 per
489 1203 631 1272 angustias
642 1210 669 1258 et
682 1202 751 1255 fines
765 1201 906 1270 Sequano-

116 1301 178 1338 rum
202 1301 267 1338 suas
292 1286 388 1355 copias
409 1285 630 1355 transduxerunt,
651 1293 678 1340 et
702 1285 732 1338 in
751 1283 907 1338 AEduorum

116 1367 186 1420 fines
209 1375 401 1436 pervenerant,
422 1383 574 1437 eorumque
594 1383 676 1436 agros
694 1366 906 1436 populabantur.
945 1437 947 1441 ι

117 1449 211 1516 AEdui,
224 1465 310 1519 quum
317 1466 348 1504 se
356 1465 461 1519 suaque
470 1451 506 1504 ab
514 1449 548 1503 iis
558 1449 706 1507 defenmre
715 1466 772 1503 non
783 1458 907 1519 possent,

116 1530 223 1600 legatos
243 1532 281 1586 ad
306 1532 447 1586 Caesarem
470 1532 584 1586 mittunt
608 1542 736 1602 rogatum
757 1532 908 1588 auxilium:

117 1615 135 1646 “
147 1616 192 1668 Ita
202 1630 233 1669 se
246 1614 321 1668 omni
334 1624 459 1684 tempore
470 1614 507 1669 de
528 1615 634 1684 Populo
647 1618 776 1670 Romano
794 1616 907 1671 meritos

116 1712 187 1766 esse,
208 1706 239 1752 ut
264 1714 344 1768 paene
363 1699 393 1753 in
412 1706 563 1768 conspectu
581 1699 717 1764 exercitus
738 1701 826 1754 nostri
847 1701 906 1769 agri

117 1778 229 1849 vastari,
242 1780 320 1835 liberi
338 1797 434 1836 eorum
452 1781 481 1834 in
500 1782 660 1837 servitutem
681 1783 791 1851 abduci,
805 1782 908 1852 oppida

116 1864 268 1932 expugnari
280 1881 338 1918 non
350 1864 520 1919 debuerint.’'
556 1866 667 1919 Eodem
685 1873 809 1934 tempore
821 1864 907 1918 AEdui

117 1946 254 2014 Ambarri,
285 1946 435 2000 necessarii
462 1955 490 2001 et
519 1947 719 2015 consanguinei
742 1946 907 2014 AEduorum,

118 2028 260 2082 Caesarem
272 2027 418 2081 certiorem
427 2026 541 2096 faciunt,
554 2043 624 2097 sese,
636 2028 812 2096 depopulatis
824 2028 907 2096 agris,

116 2124 174 2164 non
187 2108 268 2162 facile
280 2109 317 2162 ab
329 2108 441 2177 oppidis
453 2108 511 2162 vim
519 2108 642 2163 hostium
654 2109 800 2178 prohibere
814 2126 821 2164 ε
839 2109 907 2164 item

118 2193 291 2260 Allobroges,
310 2191 357 2260 qui
375 2200 452 2246 trans
471 2192 642 2246 Rhodanum
659 2192 736 2246 vicos
754 2193 906 2262 possessio-

116 2290 222 2344 nesque
241 2275 392 2343 habebant,
411 2274 478 2344 fuga
498 2289 530 2329 se
545 2275 582 2329 ad
603 2275 743 2329 Caesarem
764 2275 908 2344 recipiunt,

116 2367 145 2413 et
157 2358 357 2426 demonstrant,
377 2357 431 2412 sibi
453 2367 553 2428 praeter
571 2357 631 2427 agri
649 2357 740 2412 solum
758 2358 827 2411 nihil
846 2370 907 2412 esse

117 2442 223 2513 reliqui.
280 2441 389 2512 Quibus
419 2442 502 2496 rebus
538 2441 676 2496 adductus
717 2441 820 2509 Caesar,
850 2456 908 2494 uon

117 2525 335 2593 exspectandum
360 2524 414 2579 sibi
437 2525 541 2593 statuit,
554 2525 631 2594 dum,
650 2523 780 2578 omnibus
792 2521 909 2577 fortunis

119 2607 259 2661 sociorum
284 2606 464 2678 consumptis,
487 2607 517 2661 in
539 2608 679 2663 Santonos
701 2606 823 2661 Helvetii
848 2619 909 2674 per-

118 2688 251 2743 venirent

153 2771 221 2827 xill.
242 2773 359 2826 Flumen
372 2783 414 2827 est
426 2774 505 2842 Arar,
519 2773 592 2842 quod
609 2788 659 2841 per
673 2771 741 2825 fines
755 2770 909 2825 AEduorum

221 3006 503 3160 Λ,

549 3208 641 3254 h·-
