1936 3158
120 233 155 288 34
334 220 361 273 e.
383 220 499 288 Jorrr
519 219 703 274 cAESAan

117 359 211 428 tionis,
225 375 276 414 sua
290 359 463 428 senatusque
474 359 502 412 in
515 375 579 413 eum
586 358 721 412 beneficia
730 373 911 411 commemor·

120 442 185 510 avit,
206 441 306 512 “quod
324 458 371 497 rex
389 442 543 512 appellatus
560 451 635 496 esset
659 458 677 494 a
700 442 811 510 Senatu,
837 438 913 509 quod

120 525 235 594 amicus,
249 525 323 595 quod
335 541 451 579 munera
458 523 630 593 amplissima
639 523 741 577 missa:
760 539 844 591 quarn
853 537 912 575 rem
951 524 958 541 “

120 617 148 662 et
159 608 256 677 paucis
269 608 425 677 contigisse,
438 617 466 661 et
480 624 529 676 pro
539 606 647 675 magnis
660 605 804 659 hominum
815 603 912 657 officiis

121 706 269 745 consuesse
280 690 362 744 tribui
369 690 383 717 '⁵
395 690 529 744 docebat:
542 691 559 721 “
566 690 651 757 illum,
662 705 747 757 quum
756 703 846 756 neque
853 685 912 739 adi-

120 780 188 840 tum,
218 788 308 842 neque
338 779 452 826 causam
481 771 639 841 postulandi
660 771 765 841 justam
789 769 912 836 haberet,

120 853 256 908 beneficio
268 870 303 909 ac
314 853 478 908 liberalitate
491 859 541 907 sua
555 870 589 907 ac
608 856 727 908 Senatus
746 869 779 907 ea
796 850 912 921 praemia

121 937 344 1006 consequutum'’
393 937 521 991 Docebat
550 936 642 1004 etiarn,
663 937 774 1005 “quam
797 943 911 1003 veteres,

121 1017 260 1088 quamque
287 1018 369 1089 justae
399 1035 492 1073 causae
520 1019 731 1073 necessitudinis
756 1017 823 1087 ipsis
847 1032 911 1070 cum

122 1101 223 1156 AEduis
232 1101 645 1171 intercederent3quaeSenatr’rs
654 1101 788 1168 consulta,
796 1098 910 1168 quoties,

123 1183 262 1254 quamque
279 1184 432 1239 honorifica
449 1185 479 1238 in
497 1200 545 1239 eos
563 1184 638 1238 facta
656 1192 763 1238 essent:
787 1190 817 1234 ut
835 1179 910 1234 omni

121 1274 246 1337 tempore
257 1268 341 1322 totius
355 1268 453 1322 Galliae
461 1266 648 1336 principatum
655 1265 740 1319 AEdui
751 1265 910 1332 tenuissent,

122 1349 197 1417 prius
216 1351 300 1404 etiam
318 1350 402 1420 quam
419 1358 544 1403 nostram
562 1349 714 1402 amicitiam
726 1347 912 1416 appetissent:

124 1430 221 1498 Populi
235 1431 354 1484 Romani
367 1431 439 1483 hanc
451 1446 513 1484 esse
530 1430 765 1496 consuetudinem,
778 1437 808 1481 ut
821 1429 911 1482 socios

122 1519 206 1580 atque
226 1512 331 1566 amicos
352 1528 409 1565 non
430 1512 514 1565 modo
538 1511 581 1564 sui
598 1511 667 1564 nihil
685 1511 843 1578 deperdere,
861 1509 912 1564 sed

122 1594 218 1662 gratia,
232 1594 374 1663 dignitate,
386 1594 491 1648 honore
509 1593 645 1648 auctiores
656 1593 723 1647 velit
739 1608 818 1647 esse:
836 1591 912 1661 quod

122 1694 187 1731 vero
199 1678 237 1730 ad
249 1677 400 1732 amicitiam
414 1677 511 1747 Populi
525 1677 645 1731 Romani
658 1674 822 1744 attulissent,
835 1675 864 1729 id
877 1675 911 1729 iis

122 1761 199 1830 eripi,
212 1759 274 1830 quis
286 1760 344 1829 pati
356 1760 485 1831 posset?''
521 1759 672 1815 Postulavit
691 1759 792 1812 deinde
804 1758 911 1825 eadem,

123 1857 185 1910 quae
202 1842 300 1911 legatis
317 1842 347 1896 in
364 1841 505 1896 mandatis
523 1843 644 1911 dederat,
664 1843 681 1872 “
690 1858 725 1895 ne
743 1849 790 1894 aut
802 1839 911 1906 AEduis‚

122 1934 169 1977 aut
181 1941 276 1978 eorum
289 1925 370 1978 sociis
382 1925 486 1979 bellum
498 1924 609 1979 inferret
616 1944 624 1990 ;
643 1924 754 1978 obsides
770 1923 911 1976 redderet:

123 2007 146 2058 si
165 2008 270 2059 nullam
288 2016 395 2076 partem
415 2007 616 2061 Germanorum
635 2006 750 2059 domum
772 1998 911 2058 remittere

121 2096 224 2157 posset,
237 2098 265 2143 at
277 2105 313 2142 ne
331 2105 400 2157 quos
419 2088 538 2158 amplius
558 2089 687 2142 Rhmum
705 2086 822 2140 transire
834 2094 910 2154 pate·

121 2170 219 2224 retur.'’

156 2254 258 2306 XLIV.
277 2253 432 2307 Ariovistus
450 2254 487 2306 ad
515 2252 654 2320 postulata
679 2250 797 2304 Caesaris
822 2267 912 2320 pauca

121 2334 280 2404 respondit;
309 2335 345 2389 de
369 2335 425 2389 suis
449 2335 595 2390 virtutibus
625 2335 712 2389 multa
741 2334 910 2403 praedicavit

122 2418 294 2472 “Transisse
319 2418 449 2472 Rhenum
473 2434 543 2486 sese,
573 2434 629 2471 non
654 2423 705 2471 sua
729 2424 837 2486 sponte,
861 2418 911 2471 sed

122 2511 247 2570 rogatum
267 2511 294 2556 et
315 2500 478 2555 arcessitum
498 2518 516 2554 a
537 2501 624 2554 Gallis
631 2520 639 2566 ;
657 2518 713 2554 non
733 2501 792 2554 sine
809 2505 912 2567 magna

122 2601 179 2653 spe,
204 2585 368 2654 magnisque
391 2584 520 2653 praemiis,
550 2585 664 2637 domum
687 2584 911 2652 propinquosque

122 2667 279 2736 reliquisse:
298 2669 377 2722 sedes
399 2668 502 2721 habere
521 2666 550 2719 in
573 2667 671 2734 Gallia,
696 2667 732 2719 ab
757 2664 824 2733 ipsis
846 2680 911 2717 con-

119 2765 229 2813 cessas:
249 2751 362 2806 obsides
380 2752 503 2820 ipsorum
515 2750 656 2806 voluntate
675 2749 767 2813 datos;
789 2747 897 2816 stipend
