1936 3158
113 199 148 253 30
324 186 351 240 c.
371 186 485 256 Jurrr
508 186 693 239 cAEsnnrs

113 324 282 378 terccderent
300 325 371 379 inter
388 326 463 395 ipsos
481 335 564 394 atque
581 325 757 392 Ariovistum,
776 335 824 380 aut
842 341 899 380 rem

114 407 327 475 frumentariam,
340 417 370 461 ut
382 408 449 462 satis
467 407 613 461 commode
631 409 785 476 supportari
798 417 899 478 posset,

113 490 210 544 timere
228 490 364 545 dicebant
403 489 536 544 Nonnulli
554 490 639 544 etiam
658 491 762 544 Caesari
780 491 900 546 renunti-

113 571 207 639 abant,
220 587 304 640 quum
323 579 415 625 castra
432 570 535 625 moveri
553 587 587 625 ac
600 571 680 640 signa
692 570 754 625 leni
764 570 900 640 jussisset,

114 651 233 706 nonfore
243 652 317 706 dicto
325 652 468 706 audientes
477 653 587 723 milites,
595 653 900 723 necproptertimorem

113 735 193 802 signa
204 735 315 788 laturos.

148 817 206 870 XL.
228 818 299 870 Haec
312 833 398 886 quum
410 817 658 886 animadvertisset,
671 826 824 872 convocato
837 834 901 872 con-

114 899 183 966 silio,
196 898 373 968 omniumque
386 899 513 952 ordinum
524 899 562 953 ad
574 899 603 953 id
615 899 761 954 consilium
770 900 902 954 adhibitis

115 980 326 1048 centurionibus,
337 982 514 1036 vehementer
523 998 570 1036 eos
580 983 731 1049 incusavit;
751 985 768 1014 “
778 982 900 1037 Primum

114 1063 196 1132 quod,
209 1072 257 1118 aut
268 1080 353 1133 quam
364 1064 393 1117 in
402 1074 519 1133 partem,
528 1074 576 1118 aut
585 1081 639 1134 quo
648 1065 762 1119 consilio
772 1065 902 1120 duceren-

114 1156 165 1215 tur,
190 1146 242 1200 sibi
273 1147 453 1215 quaerendum
482 1156 529 1202 aut
559 1147 737 1215 cogitandum
766 1157 901 1216 putarent.

114 1228 291 1296 Ariovistum,
305 1245 334 1283 se
347 1230 467 1296 consule,
480 1229 658 1298 cupidissime
672 1230 769 1298 Populi
784 1229 902 1282 Romani

114 1310 265 1364 amicitiam
283 1312 435 1380 appetisse;
462 1329 511 1365 cur
528 1313 602 1364 hunc
620 1320 678 1364 tam
702 1320 805 1364 temere
829 1311 902 1380 quis-

115 1408 198 1462 quam
207 1393 244 1446 ab
254 1392 344 1447 officio
354 1393 539 1446 discessurum
546 1393 698 1461 judicaret?
724 1394 782 1446 Sibi
791 1393 902 1461 quidem

115 1476 282 1544 persuaderi,
301 1475 417 1543 cognitis
435 1474 492 1527 suis
510 1473 654 1542 postulatis
672 1483 755 1542 atque
773 1475 903 1542 aequitate

116 1557 304 1612 conditionum
326 1562 478 1626 perspecta,
503 1572 567 1609 eum
591 1571 681 1623 neque
706 1572 786 1609 suam
814 1572 902 1624 neque

117 1640 214 1709 Populi
233 1639 352 1694 Romani
370 1639 489 1707 gratiam
512 1637 727 1707 repudiaturum.
764 1637 847 1705 Qubd
870 1638 893 1691 si

116 1722 205 1776 furore
226 1731 308 1790 atque
329 1721 452 1776 amentia
470 1721 612 1789 impulsus,
634 1720 737 1774 bellum
758 1720 891 1774 intulisset

115 1803 182 1871 quid
194 1803 307 1857 tandem
318 1803 492 1858 vererentur?
507 1813 555 1857 aut
568 1820 616 1857 cur
628 1802 664 1856 de
676 1807 727 1855 sua
735 1802 842 1871 virtute,
855 1819 886 1856 ac

116 1884 155 1942 de
175 1886 260 1953 ipsius
287 1885 438 1953 diligentia,
467 1884 661 1953 desperarent?
696 1886 814 1938 Factum
843 1885 878 1954 eji

115 1968 203 2020 hostis
214 1967 366 2035 periculum
377 1977 486 2035 patrum
495 1975 650 2019 nostrorum
657 1967 798 2033 memoria,
808 1983 874 2035 quur

117 2048 235 2102 Cimbris
259 2057 287 2102 et
310 2049 445 2102 Teutonis
469 2065 486 2101 a
511 2048 580 2101 Caio
605 2048 696 2100 Mario
726 2049 821 2116 pulsis,
845 2066 868 2101 n

114 2131 250 2183 minorem
267 2129 378 2184 laudem
395 2130 537 2197 exercitus,
556 2129 640 2198 quam
665 2130 725 2199 ipse
745 2131 861 2199 imperat

114 2213 227 2266 meritus
247 2212 407 2267 videbatur:
424 2213 528 2266 facturn
548 2212 633 2266 etiam
656 2229 742 2281 nuper
766 2213 795 2265 in
820 2216 857 2268 ltr

114 2296 203 2350 servili
224 2296 349 2364 tumultu,
370 2312 439 2364 quos
458 2305 552 2350 tamen
572 2294 676 2364 aliquid
701 2312 766 2348 usus
790 2312 823 2350 ac
846 2317 850 2344 ι

114 2382 223 2451 ciplina,
236 2397 319 2450 quarn
331 2397 349 2432 a
361 2378 441 2432 nobis
454 2378 633 2447 accepissent,
647 2379 828 2434 sublevarent.

113 2482 167 2534 quo
182 2465 299 2535 judicari
316 2471 419 2531 posset,
437 2470 570 2530 quantum
594 2460 707 2514 haberet
729 2461 758 2513 in
780 2477 810 2516 se
834 2463 840 2511 l

113 2548 281 2611 constantia;
311 2555 454 2616 propterea
473 2544 556 2613 qubd,
576 2559 645 2612 quos
670 2543 833 2613 aliquamdiu

112 2645 202 2683 ermos
216 2630 275 2683 sine
288 2634 372 2682 causa
384 2627 548 2693 timuissent,
561 2626 612 2678 hos
625 2634 722 2693 postea
734 2634 827 2679 armat

110 2711 227 2764 victores
249 2711 434 2776 superassent.
474 2708 601 2774 Denique
619 2707 670 2759 hos
695 2722 756 2759 esse
776 2722 822 2758 eos
