1950 3384
218 224 276 278 na
299 223 432 276 narro
459 221 641 289 GALLICO‚
658 220 778 274 erar.
857 233 886 288 31

104 365 268 436 quibuscum
295 377 486 431 saepenumero
517 361 637 415 Helvetii
662 361 811 428 congressi,
835 374 890 412 non

105 447 195 502 solum
208 447 237 499 in
250 444 307 499 suis
327 446 376 498 sed
389 444 473 497 etiam
485 443 514 496 in
527 444 635 496 illorum
652 443 761 510 finibus,
774 443 891 511 plerum-

103 546 156 598 que
169 527 331 597 superarint,
344 525 391 594 qui
404 535 497 579 tamen
510 541 590 595 pares
599 541 661 578 esse
670 534 764 577 nostro
774 524 891 577 exercitu

103 627 159 664 non
171 610 317 679 potuerint.
356 609 456 677 Siquos
474 608 622 662 adversum
640 607 767 675 proelium
785 616 813 659 et
828 606 893 674 fuga

24 729 27 732 ·
104 693 247 747 Gallorum
266 699 459 757 commoveret,
478 691 538 757 hos,
555 689 579 743 si
596 699 758 757 quaererent,
775 689 892 756 reperire

103 771 893 845 posse,diuturnitatebellidefatigatisGallis,Ari0vistum,

103 874 188 927 quum
200 856 301 910 multos
314 871 424 909 menses
437 855 534 909 castris
547 871 577 908 se
590 870 623 908 ac
636 854 782 922 paludibus
791 853 892 907 tenuis·

103 948 153 1008 set,
165 955 254 1009 neque
266 938 309 992 sui
327 946 493 1006 potestatem
510 936 629 1005 fecisset,
646 937 823 1005 desperantes
834 936 892 1004 jam

103 1022 139 1076 de
150 1026 243 1089 pugna
255 1029 283 1074 et
291 1019 430 1089 dispersos
440 1019 531 1073 subito
542 1019 679 1087 adortum,
688 1019 778 1086 magis
787 1019 893 1072 ratione

103 1111 130 1158 et
139 1102 263 1170 consilio,
273 1101 357 1170 quarn
366 1101 474 1168 virtute,
483 1101 590 1154 vicisse
628 1101 679 1154 Cui
689 1100 787 1154 rationi
798 1108 893 1153 contra

103 1184 229 1238 homines
241 1183 375 1237 barbaros
387 1191 470 1250 atque
482 1181 623 1251 imperitos
634 1182 710 1234 locus
719 1182 822 1249 fuisset,
831 1183 893 1250 hac,

105 1282 141 1318 ne
159 1265 250 1333 ipsum
272 1264 384 1332 quidem
404 1279 522 1331 sperare,
544 1272 653 1316 nostros
677 1263 809 1317 exercitus
831 1265 892 1332 capi

105 1361 195 1413 posse.
224 1345 278 1414 Qui
291 1361 372 1398 suum
384 1344 511 1399 timorem
520 1345 548 1396 in
558 1343 597 1398 rei
607 1344 792 1399 frumentariae
802 1345 893 1398 simul-

106 1427 226 1480 ationem
250 1426 448 1496 angustiasque
472 1426 600 1480 itinerum
621 1427 783 1496 conferrent,
803 1428 894 1482 facere

105 1518 271 1578 arroganter,
299 1525 383 1578 quum
406 1518 454 1563 aut
478 1509 513 1563 de
537 1509 628 1563 officio
652 1509 824 1577 imperatoris
848 1511 893 1565 de·

105 1608 215 1660 sperare
227 1602 274 1646 aut
287 1591 465 1661 praescribere
478 1592 641 1647 viderentur.
680 1595 751 1648 Haec
767 1594 820 1647 sibi
832 1609 893 1648 esse

105 1691 193 1738 curae;
214 1674 381 1727 frumentum
392 1675 544 1743 Sequanos,
556 1676 671 1740 Leucos,
683 1676 822 1743 Lingonas
831 1677 891 1730 sub·

105 1756 277 1820 ministrare;
295 1754 410 1825 jamque
421 1772 483 1809 esse
495 1757 524 1808 in
536 1757 610 1824 agris
622 1756 759 1811 frumenta
771 1768 894 1812 matura:

106 1838 141 1892 de
159 1838 255 1891 itinere
273 1838 349 1906 ipsos
367 1837 443 1891 brevi
461 1847 585 1907 tempore
594 1839 773 1908 judicaturos.
811 1840 892 1910 Quod

105 1938 161 1974 non
173 1921 231 1975 fore
243 1921 318 1975 dicto
330 1921 473 1976 audientes
491 1923 601 1990 milites,
614 1940 703 1992 neque
722 1925 802 1993 signa
814 1926 892 1979 laturi

104 2003 241 2071 dicantur,
263 2002 333 2056 nihil
357 2019 388 2058 se
410 2010 445 2059 ea
462 2022 491 2059 re
512 2006 695 2061 commoveri:
721 2007 791 2062 scire
812 2008 893 2077 enim,

105 2085 322 2154 quibuscumque
339 2085 475 2140 exercitus
494 2086 568 2141 dicto
586 2087 701 2142 audiens
726 2105 782 2142 non
806 2089 894 2158 fuerit,

104 2176 160 2234 sut,
175 2168 248 2221 male
266 2185 295 2221 re
313 2174 400 2236 gesta,
418 2168 556 2222 fortunam
574 2170 707 2236 defuisse;
728 2182 784 2239 aut,
802 2173 894 2242 aliquo

107 2251 229 2306 facinore
264 2262 416 2322 comperto,
451 2248 596 2308 avaritiam
635 2271 697 2309 esse
732 2251 894 2308 convictam.

107 2334 193 2386 Suam
211 2332 398 2388 innocentiam
416 2342 550 2404 perpetua
567 2335 632 2403 vita,
651 2336 811 2390 felicitatem
829 2338 895 2389 Hel-

104 2415 240 2469 vetiorum
258 2417 340 2484 bello,
352 2433 415 2472 esse
432 2427 615 2486 perspectam.
654 2420 752 2487 ltaque
770 2434 808 2483 se,
822 2417 895 2486 quod

103 2501 292 2570 lnlongiorem
300 2502 374 2555 diem
383 2501 530 2554 collaturus
538 2511 618 2567 esset,
628 2511 894 2571 repraesentaturum,

103 2595 131 2642 et
143 2584 269 2654 proxima
281 2592 363 2637 nocte
375 2583 411 2637 de
423 2589 521 2651 quarta
534 2583 628 2650 vigilia
645 2592 736 2636 castra
748 2593 894 2652 moturum,

105 2677 134 2722 ut
146 2666 230 2736 quam
242 2663 363 2735 primum
375 2664 525 2731 intelligere
537 2674 640 2733 posset,
652 2674 744 2718 utrum
756 2666 829 2734 apud
846 2683 894 2722 eos

105 2749 194 2818 pudor
210 2758 294 2818 atque
313 2747 441 2811 officium,
463 2762 498 2799 an
521 2748 602 2799 timor
621 2748 730 2802 valeret.
768 2749 855 2814 Qubcl
869 2751 904 2800 «ἐκ
