1950 3384
166 126 197 171 ra
373 116 401 170 e.
421 116 536 186 Jurrr
558 114 742 171 cAEsrnrs

163 256 259 309 struxit
271 255 410 323 legionum
422 262 539 323 quatuor
551 262 750 320 veteranarum,
758 252 806 319 ita,
815 252 857 306 uti
871 270 962 323 supra

163 353 193 391 se
213 338 242 390 in
263 353 371 391 summo
390 338 457 407 jugo
479 337 548 389 duas
571 336 701 404 legioneS,
720 351 789 404 quas
810 335 841 388 in
863 337 963 392 Gallia

163 420 287 475 citeriore
308 419 432 488 proxime
458 419 667 485 conscripserat,
688 424 716 470 et
737 416 831 469 omnia
851 418 963 473 auxilia

164 502 308 556 collocaret
314 521 321 565 ;
342 518 376 555 ac
388 510 477 555 totum
493 507 616 553 montem
634 498 792 551 hominibus
810 499 962 570 compleri,

164 593 190 637 et
204 586 308 637 interea
321 583 444 637 sarcinas
457 583 485 635 in
498 598 583 634 unum
600 581 692 634 locum
710 578 835 647 conferri,
848 588 877 633 et
891 597 962 635 eum

163 666 199 719 ab
217 666 268 732 his,
287 665 334 734 qui
352 665 381 717 in
400 663 538 732 superiore
560 663 619 716 acie
641 662 828 728 constiterant,
851 663 961 719 muniri

163 747 251 815 jussit.
289 746 417 814 Helvetii,
431 763 494 800 cum
509 745 637 798 omnilns
657 744 713 798 suis
733 744 816 798 carris
834 747 960 816 sequuti,

164 828 362 898 impedimenta
386 829 415 880 in
440 844 525 880 unum
552 827 645 881 locum
671 821 864 882 contulerunt:
890 827 959 898 ipsi,

165 910 366 964 confertissimi
379 909 446 977 acie,
455 911 556 979 reJ'ecto
568 918 663 962 nostro
675 908 806 977 equitatu,
813 908 960 980 phalange

165 993 246 1062 facta,
259 994 310 1046 sub
323 992 440 1061 primam
452 1001 576 1045 nostram
588 991 678 1045 aciem
690 999 888 1044 successerunt.

153 1085 158 1094 ’
199 1075 288 1130 XXV.
308 1076 411 1142 Caesar,
429 1073 549 1143 primunr
571 1089 629 1140 suo,
649 1070 751 1126 deinde
773 1071 897 1125 omniurn
922 1090 959 1129 ex

166 1166 315 1225 conspectu
333 1156 447 1212 remotis
465 1156 551 1225 equis,
564 1164 602 1222 ut,
615 1164 724 1223 aequato
742 1154 866 1207 omnium
882 1158 960 1223 pen'·

166 1241 236 1305 culo,
249 1254 327 1306 spem
345 1237 418 1306 iugae
435 1238 550 1305 tolleret,
564 1237 724 1290 cohortatus
739 1253 811 1304 suos,
824 1237 958 1304 proelium

166 1319 311 1372 commisit.
349 1319 462 1386 Milites,
484 1318 582 1372 eloco
608 1319 746 1386 superiore
766 1317 830 1386 pilis
851 1317 959 1390 missis,

166 1400 246 1453 facile
267 1399 389 1453 hostium
413 1399 581 1469 phalangem
602 1399 795 1468 perfregerunt
833 1401 877 1452 Ea
898 1401 957 1455 dis·

165 1484 246 1551 jecta,
267 1481 367 1549 gladiis
389 1479 527 1535 destrictis
547 1479 576 1532 in
598 1495 645 1534 eos
668 1481 800 1549 impetum
822 1480 955 1539 fecerunt.

168 1565 255 1620 Gallis
272 1579 374 1632 magno
386 1563 424 1617 ad
435 1579 557 1632 pugnam
575 1572 634 1616 erat
651 1562 857 1632 impedimento,
869 1564 956 1634 qudd,

166 1648 289 1717 pluribus
302 1662 397 1701 eorum
410 1644 495 1700 scutis
507 1660 563 1698 uno
575 1645 631 1698 ictu
643 1645 761 1713 pilorum
776 1645 914 1699 transfixis
926 1655 956 1702 et

167 1730 309 1798 colligatis,
319 1744 404 1798 quum
413 1727 514 1782 ferrum
524 1742 554 1781 se
563 1727 721 1797 inflexisset,
730 1743 820 1796 neque
829 1727 955 1797 evellere,

167 1828 264 1881 neque,
283 1811 394 1865 sinistra
415 1809 558 1880 impedita,
577 1809 643 1863 satis
665 1809 811 1863 commode
831 1825 956 1878 pugnare

167 1903 294 1963 poterant
298 1912 306 1958 3
321 1891 400 1946 multi
412 1901 450 1961 ut,
460 1891 508 1945 diu
517 1892 623 1960 jactato
635 1891 758 1959 brachio,
769 1901 956 1962 praeoptarent

168 1986 275 2029 scutum
293 1989 378 2027 manu
396 1973 530 2041 emittere,
548 1981 575 2027 et
593 1972 668 2028 nudo
689 1990 802 2042 corpore
823 1991 954 2044 pugnare.

167 2057 296 2110 Tandem
316 2055 475 2110 vulneribus
497 2055 608 2125 defessi,
626 2065 653 2110 et
672 2055 772 2126 pedem
792 2056 900 2124 referre,
917 2066 955 2126 et,

168 2137 242 2208 quod
260 2154 340 2191 mons
360 2137 473 2192 suberat
492 2137 600 2192 circiter
621 2138 696 2192 mille
714 2154 855 2207 passuum,
873 2137 906 2192 ed
925 2154 956 2193 se

168 2221 288 2290 recipere
306 2229 456 2288 coeperunt
494 2219 583 2288 Capto
597 2229 692 2274 monte
704 2230 732 2275 et
744 2219 954 2274 succedentibus

168 2304 277 2371 nostris,
304 2302 366 2356 Boii
390 2310 419 2356 et
444 2300 564 2371 Tulingi,
590 2303 637 2372 qui
663 2303 807 2356 hominum
833 2302 955 2356 millibus

167 2387 275 2441 circiter
295 2384 453 2456 quindecim
475 2401 575 2452 agmen
595 2385 716 2438 hostiurn
735 2384 909 2451 claudebant,
926 2392 954 2437 et

168 2467 326 2523 novissimis
343 2467 473 2537 praesidio
485 2476 571 2535 eraut,
584 2483 618 2521 ex
629 2466 726 2521 itinere
743 2475 851 2520 nostros
869 2466 955 2518 latere

169 2560 263 2618 aperto
291 2551 421 2620 aggressi,
446 2550 665 2605 circumvenere:
691 2557 719 2602 et
747 2548 776 2602 id
802 2545 954 2614 conspicati

172 2631 299 2697 Helvetii,
317 2634 364 2705 qui
389 2634 417 2687 in
440 2641 563 2686 montem
589 2646 650 2685 sese
675 2637 842 2698 receperant,
860 2642 954 2683 rursus
