1950 3384
89 190 123 234 22
301 181 329 235 c.
350 180 466 252 Jvrrr
487 180 674 236 cAESArrs

88 334 172 387 quem
190 336 224 373 en·
242 321 318 373 omni
337 320 428 374 Gallia
446 320 711 388 opportunissimum
729 338 766 377 ac
784 324 891 381 fructu·

89 401 247 456 osissimum
254 403 433 471 judicassent,
443 403 616 472 reliquasque
626 404 752 458 civitates
760 406 891 477 stipend-

89 481 171 539 iarius
192 485 349 539 haberent.”
394 486 542 554 Petierunt,
568 486 633 539 “uti
659 486 711 538 sibi
733 490 892 545 concilium

89 568 171 621 totius
183 570 281 623 Galliae
290 570 319 621 in
329 569 403 622 diem
413 580 518 623 certam
527 569 657 637 indicere,
666 569 751 638 idque
762 570 893 629 Caesaris

89 651 229 705 voluntate
247 651 347 718 iacere,
360 651 468 705 liceret:
487 667 549 705 sese
561 652 664 705 habere
680 652 823 719 quasdam
836 671 892 724 res,

89 748 159 799 quas
178 748 211 786 ex
231 733 372 786 communi
391 750 528 786 consensu
546 735 583 786 ab
601 749 634 786 eo
652 743 746 802 petere
758 736 892 793 vellent?

89 812 133 867 Eri
157 830 186 866 re
210 814 355 883 permissa,
380 814 455 867 diem
480 815 597 868 concilio
621 813 837 886 constituerunt,
861 830 892 875 et

87 894 271 963 jurejurando,
292 911 328 950 ne
346 896 408 965 quis
426 898 590 967 enuntiaret,
610 897 663 951 nisi
685 898 787 967 quibus
808 917 891 957 com-

89 978 164 1030 muni
177 979 293 1032 consilio
305 979 470 1033 mandatum
483 990 565 1048 esset,
577 980 648 1034 inter
660 996 693 1052 se
703 995 866 1040 sanxerunt,

123 1063 231 1116 XXXI.
258 1063 302 1116 Eo
329 1063 447 1116 concilio
473 1063 600 1132 dimisso,
628 1063 713 1117 iidem
742 1064 891 1136 principes

91 1146 242 1212 civitatum,
261 1146 309 1216 qui
332 1155 398 1200 ante
421 1146 529 1199 fuerant
553 1146 590 1199 ad
613 1146 762 1214 Caesarem,
780 1160 889 1205 revert-

87 1228 890 1300 erunt‚petieruntque‚utisibisecretodesuaomniumque

89 1311 176 1365 salute
195 1328 259 1365 cunr
271 1329 304 1365 eo
317 1328 399 1380 agere
414 1312 516 1366 liceret.
554 1314 598 1365 Ea
610 1328 639 1366 re
651 1312 808 1381 impetrata,
822 1330 890 1371 sese

89 1409 185 1446 omnes
200 1394 297 1447 fientes
311 1394 416 1447 Caesari
434 1395 470 1447 ad
488 1395 574 1464 pedes
592 1396 781 1463 projecerunt:
800 1396 888 1452 “non

89 1475 180 1529 minus
202 1493 231 1529 se
253 1477 282 1529 id
302 1477 470 1530 contendere
491 1488 518 1531 et
539 1478 675 1546 laborare,
700 1494 735 1532 ne
756 1494 797 1545 ea,
820 1495 889 1548 quae

88 1557 230 1625 dixissent,
243 1559 458 1626 enuntiarentur,
474 1559 558 1628 quarn
577 1561 616 1613 uti
634 1577 676 1628 ea,
691 1577 755 1629 quae
772 1560 888 1632 vellent,

89 1640 283 1709 impetrarent3
304 1651 452 1710 propterea
470 1643 552 1711 quiid,
567 1643 590 1696 si
609 1643 783 1697 enuntiatum
800 1656 886 1713 esset,

89 1742 228 1777 summum
241 1724 269 1777 in
279 1725 432 1778 cruciatum
445 1741 475 1779 se
487 1736 617 1779 venturos
625 1726 773 1779 viderent’'
792 1726 885 1796 Loqu-

89 1822 151 1862 utus
184 1819 227 1863 est
260 1826 310 1878 pro
340 1809 383 1862 his
418 1808 573 1862 Divitiacus
604 1809 733 1863 AEduus:
758 1808 886 1865 “Galliae

89 1892 172 1945 totius
186 1891 321 1945 factiones
334 1907 396 1945 esse
410 1892 495 1945 duas:
516 1892 615 1944 harum
633 1891 745 1945 alterius
763 1890 885 1961 princip-

88 1986 166 2029 atum
185 1984 279 2028 tenere
290 1974 406 2041 AEduos,
420 1974 532 2027 alterius
550 1976 697 2028 Arvernos
737 1974 776 2026 Hi
797 1990 884 2042 quum

88 2068 232 2125 tantopere
247 2057 283 2110 de
299 2065 444 2125 potentatu
462 2058 534 2110 inter
546 2074 577 2110 se
589 2058 691 2110 multos
710 2072 799 2109 annos
817 2072 884 2110 con·

87 2139 239 2207 tenderent,
252 2139 356 2193 iactum
369 2156 430 2193 esse
442 2140 482 2192 uti
494 2142 531 2193 ab
543 2139 675 2193 Arvernis
689 2139 883 2208 Sequanisque

89 2220 221 2277 Germani
245 2220 373 2274 mercede
397 2214 607 2274 arcesserentur.
658 2221 767 2273 Horum
791 2219 884 2287 primd

88 2304 196 2359 circiter
212 2303 299 2356 millia
317 2303 476 2372 quindecim
495 2305 624 2357 Rhenum
643 2303 790 2356 transisse:
808 2313 884 2371 post·

88 2387 747 2458 eaquamagr0S‚etcultum‚etcopiasGailorum
755 2385 883 2440 homines

88 2470 138 2523 ieri
146 2486 179 2524 ac
187 2469 298 2523 barbari
306 2469 495 2536 adamassem,
504 2467 681 2521 transductus
688 2468 780 2536 plures
790 2484 797 2520 ι
808 2483 883 2519 nunc

88 2551 593 2620 esseinGailiaadcentumetviginti
601 2550 883 2604 milliumnumerum:

88 2648 152 2688 cum
175 2634 220 2687 his
243 2637 353 2689 AEduos
377 2651 527 2704 eommque
550 2634 665 2688 clientes
689 2632 775 2687 semel
798 2642 882 2699 atque

89 2715 188 2771 iterum
208 2718 294 2772 armis
317 2717 507 2783 contendisse3
537 2734 669 2785 maguam
694 2714 882 2771 calamitatem
