1950 3384
56 181 92 232 ao
267 181 296 231 c.
315 176 432 248 Jotrr
453 177 639 232 cAESARlS

91 315 223 369 XXXIV.
244 316 432 384 Quamobrem
439 317 542 385 placuit
552 315 584 384 ei,
593 315 854 372 utadAriovistum

57 396 163 464 legatos
175 397 303 466 mitteret,
316 398 364 466 qui
377 400 413 452 ab
425 415 459 451 eo
477 399 656 466 postularent,
667 399 708 452 uti
726 399 853 468 aliquem

57 478 148 531 locum
164 480 287 533 medium
305 481 447 549 utriusque
471 480 609 549 colloquio
634 480 754 535 diceret:
777 482 854 537 velle

58 577 118 616 sese
131 564 165 616 de
178 563 319 631 republica
331 573 358 617 et
371 563 487 616 summis
497 562 638 630 utriusque
646 562 729 616 rebus
741 578 808 616 cum
817 578 854 617 eo

57 660 145 712 agere.
174 646 209 699 Ei
220 645 350 713 legationi
364 644 517 698 Ariovistus
530 644 688 714 respondit:
713 643 767 698 “Si
780 644 852 713 quid

57 725 110 793 ipsi
133 744 150 779 a
170 727 281 780 Caesare
302 744 370 795 opus
390 737 471 792 esset,
485 744 546 781 sese
564 728 602 781 ad
619 743 683 781 eum
701 735 853 781 venturum

58 808 158 873 luisse;
179 809 202 861 si
227 809 294 877 quid
317 809 362 862 ille
387 826 416 862 se
440 810 513 876 velit,
535 810 613 863 illum
636 809 672 862 ad
698 824 728 861 se
753 807 853 863 venire

58 901 190 958 oportere.
229 892 364 944 Praeterea
382 908 412 944 se
430 907 519 960 neque
537 891 597 944 sine
615 890 734 944 exercitu
752 889 782 941 in
799 905 852 944 eas

59 982 150 1042 partes
161 973 259 1026 Galliae
269 973 361 1026 venire
374 974 483 1040 audere,
494 991 564 1042 quas
576 974 670 1027 Caesar
678 971 835 1041 possideret
842 991 852 1038 3

59 1072 148 1125 neque
156 1055 303 1108 exercitum
314 1056 372 1108 sine
384 1072 485 1123 magno
495 1064 650 1108 commeatu
659 1064 743 1122 atque
753 1053 852 1107 emoli-

59 1148 152 1192 mento
164 1139 193 1191 in
206 1155 291 1191 unum
302 1139 394 1192 locum
403 1139 566 1191 contrahere
573 1154 670 1206 posse:
688 1137 740 1190 sibi
753 1144 851 1190 autem

59 1222 159 1275 mirum
168 1221 263 1290 videri,
273 1221 341 1290 quid
346 1221 376 1275 in
384 1226 434 1275 sua
445 1220 543 1286 Gallia,
554 1236 638 1289 quam
645 1219 718 1273 bello
727 1218 851 1287 vicisset,

59 1313 108 1356 aut
130 1304 234 1356 Caesari
254 1313 301 1356 aut
323 1304 436 1356 omnino
459 1303 565 1371 Populo
592 1304 720 1355 Romano
744 1299 850 1367 negotii

60 1384 157 1440 esset.''

95 1467 211 1519 XXXV.
234 1466 286 1519 His
297 1467 436 1534 responsis
444 1467 481 1519 ad
490 1467 629 1520 Caesarem
638 1463 740 1531 relatis,
750 1463 850 1517 iterum

60 1550 179 1603 adeum
200 1550 294 1601 Caesar
315 1549 420 1617 legatos
442 1566 506 1602 cum
525 1549 568 1602 his
587 1546 728 1600 mandatis
748 1545 851 1601 mittit:

60 1632 224 1700 “Quoniam
237 1640 315 1685 tanto
335 1648 385 1684 suo
405 1631 557 1700 Populique
575 1629 695 1682 Romani
713 1626 849 1682 beneficio

60 1715 294 1783 affectus-quum
307 1715 335 1766 in
348 1714 492 1767 consulatu
505 1728 555 1765 suo
573 1729 621 1765 rex
639 1722 723 1781 atque
741 1711 849 1764 amicus

61 1813 78 1850 a
101 1799 203 1851 Senatu
227 1797 381 1866 appellatus
405 1795 586 1850 esset-hanc
609 1795 662 1847 sibi
689 1793 851 1862 Populoque

62 1881 189 1932 Romano
207 1880 324 1947 gratiam
341 1879 460 1945 referret,
475 1887 504 1929 ut
523 1877 551 1929 in
569 1877 738 1945 colloquium
756 1875 850 1930 venire

61 1961 191 2015 invitatus
198 1972 363 2029 gravaretur,
373 1977 462 2029 neque
470 1960 505 2013 de
512 1959 651 2013 communi
661 1976 690 2014 re
701 1958 851 2013 dicendum

62 2044 114 2097 sibi
127 2056 154 2097 et
166 2044 388 2111 cognoscendum
400 2051 521 2111 putaret;
541 2042 601 2094 haec
614 2057 684 2109 esse,
697 2058 760 2110 quae
772 2040 808 2094 ab
817 2055 851 2094 eo

48 2125 227 2195 postularet:
237 2124 852 2194 primbm,nequamhominummultitudinem

63 2207 180 2275 amplius
201 2215 277 2260 trans
297 2208 426 2260 Rhenum
450 2206 478 2259 in
501 2206 621 2259 Galliam
645 2207 852 2260 transduceret:

63 2290 163 2345 deinde
181 2289 300 2356 obsides,
319 2306 389 2357 quos
407 2290 521 2344 haberet
538 2289 574 2342 ab
587 2289 696 2357 AEduis,
715 2288 851 2354 redderet,

65 2373 254 2442 Sequanisque
279 2372 456 2440 permitteret,
480 2382 518 2439 ut,
543 2388 613 2440 quos
639 2372 677 2424 illi
707 2371 851 2436 haberent,

63 2457 204 2510 voluntate
225 2454 283 2523 ejus
307 2454 422 2507 reddere
447 2453 500 2506 illis
522 2454 628 2517 liceret;
656 2470 726 2507 neve
744 2453 852 2505 AEduos

64 2537 163 2606 injuria
180 2538 336 2601 lacesseret,
354 2551 423 2588 neve
441 2535 484 2586 his
503 2534 620 2587 sociisve
637 2550 733 2587 eorum
749 2531 852 2585 bellum

65 2619 190 2674 inferret:
208 2619 232 2672 si
244 2618 273 2671 id
285 2617 324 2671 ita
342 2617 461 2684 iecisset,
480 2616 533 2670 sibi
552 2616 712 2684 Populoque
724 2616 852 2668 Romano

66 2709 224 2770 perpetuam
232 2695 852 2768 gratiamatqueamicitiamcumeofuturam:

24 2798 582 3190 At.
772 3164 907 3190 ,,.
